3014 4822
8 4510 14 4570 ,

8 4574 16 4655 ,
136 4611 139 4614 ,

57 277 60 286 Ι
159 199 211 249 ιιιι
604 177 801 279 Praefatio
827 175 992 250 editoris.

158 347 263 414 liber'e
283 369 382 434 apere
403 349 503 426 dixit,
538 353 682 435 qnamvia
703 353 799 435 longe
820 352 956 434 plurima
976 348 1142 411 hominurn
1164 364 1238 428 part
1259 344 1422 419 instinctu,

157 469 223 510 non
244 447 369 511 ratione
390 446 476 512 bona
496 449 547 513 eit.
575 451 683 533 ltaque
706 449 734 510 ia
754 461 873 510 tantum
893 445 991 511 liberi
1013 443 1140 506 arbitrii
1161 461 1233 504 eaeo
1255 441 1423 522 judicatur,

159 545 215 630 qui
238 545 271 606 iu
294 542 447 628 eligendo
468 546 519 607 aui
540 543 643 629 probe
665 546 814 610 oenaeiua
836 545 893 616 ait,
922 543 1108 626 clarumque
1134 540 1249 602 habeat
1273 540 1346 606 riae
1367 540 1424 602 de·

158 641 291 703 terior-ia
315 654 348 704 et
367 642 512 730 melioria
533 655 732 724 conceptum.
761 644 829 706 Jam
846 661 924 705 vero
946 659 1041 704 nemo
1061 655 1198 720 uuquam
1218 637 1290 714 luit,
1314 637 1370 722 qni
1391 637 1426 696 in

158 735 285 818 agendo
307 737 405 809 aliud,
426 761 520 824 quam
541 737 626 826 quod
647 740 883 811 bonumeam,
906 735 1053 820 elegerit,
1085 735 1220 806 scilicet,
1252 755 1318 796 nou
1338 731 1426 816 quod

24 897 26 900 .
157 831 276 896 bonum
298 854 358 916 per
379 855 425 910 ae,
449 837 508 901 aed
529 837 616 921 quod
637 835 701 898 aibi
721 837 838 898 bouum
861 832 1034 897 videretur.
1074 830 1139 894 Sed
1159 833 1200 894 de
1215 850 1254 894 eo
1269 828 1424 909 judicare,

159 932 247 1016 quod
268 932 388 995 bonnm
410 931 465 1008 ait,
487 931 572 1016 qnod
593 951 696 1005 meua,
718 953 784 994 nou
803 929 933 994 arbitrii
954 943 1012 1000 eat,
1032 929 1090 993 aed
1108 929 1307 1006 intellectua‘3
1330 927 1426 990 intel·

159 1029 275 1092 lectum
305 1043 409 1092 antem
438 1049 532 1092 nemo
557 1049 695 1116 unquam
724 1029 829 1092 libero
850 1027 985 1091 arbitrio
1006 1022 1121 1108 perfici
1142 1039 1174 1088 et
1195 1047 1233 1092 ex
1252 1025 1338 1088 bono
1359 1046 1427 1085 ma·

158 1126 225 1188 lum
246 1128 298 1189 vel
320 1139 431 1190 contra
450 1123 526 1188 lieri
546 1149 610 1190 uno
632 1141 703 1190 actu
724 1125 844 1200 docuit,
868 1123 925 1186 aed
946 1123 1097 1206 paulatim
1118 1121 1299 1204 perlinitur,
1321 1134 1426 1185 ueter-

159 1222 275 1308 n'iaque
297 1222 475 1302 anbjectnm
497 1239 547 1286 eat
567 1237 766 1309 augmentum
788 1222 857 1302 eine
878 1221 1014 1304 legibue.
1064 1221 1253 1306 Aequicum
1277 1217 1447 1280 intellec-1
1482 1211 1489 1216 ’

159 1331 210 1380 tua
231 1316 316 1383 baud
337 1323 380 1384 ait
400 1321 495 1395 liber,
517 1320 699 1406 agendique
721 1319 887 1381 arbitrium
908 1318 1007 1379 abeo
1029 1316 1180 1400 pendeat,
1201 1317 1347 1400 coquitur
1367 1335 1426 1375 ne·

160 1435 224 1499 que
236 1415 306 1479 boc
327 1417 385 1480 illo
406 1427 512 1500 tenen,
533 1437 597 1502 quo
617 1417 672 1480 inti
693 1413 882 1490 defendunt,
903 1413 1040 1476 liberum
1062 1433 1143 1477 etue.
1186 1415 1254 1475 Nee
1276 1411 1346 1497 qnia
1368 1412 1426 1474 ob·

159 1509 249 1590 jicint
269 1535 381 1576 eorum
404 1515 595 1597 exemplum,
617 1513 765 1597 quicum
786 1509 888 1594 probe
909 1508 1047 1583 rideant,
1070 1508 1115 1584 id,
1148 1510 1236 1594 quod
1255 1529 1350 1592 agere
1372 1527 1427 1571 co-

159 1623 286 1688 nantur,
328 1596 532 1673 inhonestum
554 1630 642 1686 eote,
685 1623 790 1671 tamen
811 1607 980 1670 inhonette
1001 1621 1115 1691 agunt,
1157 1627 1217 1672 nec
1238 1627 1366 1673 veroum
1388 1605 1429 1668 ad

160 1707 262 1788 pellet
282 1708 376 1773 illum
394 1708 559 1794 antiquum

590 1801 687 1868 rideo
707 1801 842 1865 meliora
862 1802 1030 1887 proboque

354 1901 529 1964 Deteriora
551 1921 670 1986 aequor

163 1994 288 2060 acilicet
317 2011 353 2058 nt
379 1997 456 2058 inde
482 1998 617 2070 inierat,
656 1994 740 2059 aliud
768 2015 840 2058 eoae
880 1993 995 2076 agendi
1025 1993 1223 2068 libertatem,
1257 1993 1344 2056 alind
1377 1995 1428 2056 iu·

162 2092 349 2170 tellectum3
371 2113 443 2154 nam
464 2115 563 2176 prave
583 2095 755 2157 adducitur
775 2106 807 2155 et
827 2111 887 2174 pro
908 2091 1002 2154 nobie
1014 2093 1126 2174 magia,
1149 2113 1241 2175 quam
1259 2111 1319 2172 pro
1336 2105 1429 2173 parte

163 2189 323 2252 contraria
344 2187 459 2250 militat
479 2189 541 2254 hoc
561 2191 752 2274 exemplum.
775 2189 965 2286 Quicunque
987 2187 1081 2261 euim,
1103 2188 1187 2249 bene
1208 2186 1271 2250 eibi
1292 2190 1428 2264 cuneoli,

162 2283 197 2346 id
213 2283 299 2368 quod
314 2284 422 2348 iacere
440 2300 606 2362 conantur,
627 2307 797 2370 perperam
820 2306 903 2359 eote,
928 2299 959 2349 et
980 2283 1066 2369 qqod
1086 2306 1149 2348 non
1173 2287 1302 2370 eligant,
1325 2287 1427 2349 houn-

163 2394 256 2456 ttnm,
288 2382 322 2442 in
343 2403 472 2465 pravam
494 2397 617 2467 partem
640 2383 810 2456 declinant,
830 2384 864 2445 in
885 2385 926 2446 iia
947 2385 1039 2456 ratio,
1061 2381 1204 2444 libidinis
1225 2397 1318 2465 atque
1338 2384 1428 2465 cupi·
1497 2383 1498 2430 1

164 2475 297 2542 ditatum
321 2478 355 2542 ri
384 2480 570 2555 obcaecata,
601 2501 711 2544 manua
739 2480 814 2543 dare
837 2494 945 2548 coacta
965 2480 1038 2542 fuit.
1078 2483 1114 2542 ln
1135 2479 1190 2541 tali
1212 2481 1296 2543 enim
1317 2478 1428 2542 condi·
1497 2503 1498 2508 ¹

164 2571 253 2636 tione
276 2595 311 2637 ae
334 2575 398 2659 ipai
419 2575 534 2639 fallunt
552 2578 714 2646 mortales,
736 2592 831 2662 atque
852 2576 896 2652 id,
918 2577 1004 2662 quod
1019 2575 1151 2658 eligunt,
1174 2597 1359 2660 quamquam
1377 2574 1427 2640 io-

163 2668 334 2734 houeatum
368 2693 440 2736 eaae
465 2672 585 2758 frigide
612 2689 800 2759 agnoscant,
835 2689 939 2736 tamen
967 2673 1067 2757 magia
1094 2671 1155 2733 eibi
1187 2672 1220 2733 iu
1247 2671 1429 2754 praesentia

166 2766 362 2844 conducere,
392 2789 494 2854 eoque
522 2771 636 2832 melina
664 2791 736 2836 ease
758 2767 929 2833 affectuum
948 2769 980 2834 ti
1001 2768 1184 2850 praestricti
1212 2767 1274 2829 eibi
1295 2787 1428 2849 perana-
1497 2833 1498 2844 ,

166 2861 255 2938 dent,
277 2865 418 2949 adeoque
440 2867 634 2949 praecipite·
656 2869 689 2929 in
710 2867 887 2950 perniciem
909 2881 1015 2930 ruunt.
1066 2864 1162 2957 Quod
1182 2867 1212 2926 ai
1232 2885 1311 2929 vero
1334 2865 1429 2927 intel·
1497 2867 1498 2906 ἓ

166 2959 267 3023 leotua
296 2983 405 3024 eorum
434 2962 550 3026 melior
577 2979 629 3026 aut
654 2965 811 3028 excultior
833 2963 964 3038 luiaeet,
997 2961 1030 3025 id
1052 2963 1138 3044 quod
1159 2984 1224 3024 nou
1247 2975 1295 3026 eat
1315 2959 1349 3021 in
1369 2959 1428 3023 lro·
1497 2957 1498 2980 ¹

166 3057 286 3120 minum
317 3072 495 3141 potestate,
527 3073 591 3123 tum
613 3080 689 3125 eane
710 3061 864 3124 resistere
886 3059 1022 3122 lubidini
1044 3079 1081 3121 ac
1102 3059 1235 3121 meliora
1256 3057 1349 3144 aequi
1369 3079 1429 3140 po·

166 3154 313 3218 tnieaent.
362 3155 455 3238 Apud
478 3177 528 3219 ma
551 3157 680 3243 quidem
701 3171 762 3220 etat
783 3158 957 3226 contentia.
988 3157 1137 3219 virtutem
1159 3177 1217 3220 sen
1235 3155 1353 3216 bonam
1373 3175 1430 3219 vo-

166 3251 319 3314 luntatem
346 3252 535 3336 arbitriique
555 3268 677 3316 rectum
698 3277 807 3330 utum,
840 3253 926 3316 haud
946 3251 1077 3316 differre
1099 3253 1137 3315 ab
1159 3253 1323 3318 intellectu
1344 3251 1430 3313 bono
1497 3269 1498 3276 ¹

168 3349 221 3412 vel
235 3348 403 3430 rapientia,
424 3363 457 3412 et
473 3350 621 3434 quiaquia
639 3350 755 3414 habeat
774 3351 970 3414 intellectum
990 3351 1118 3425 honum,
1142 3372 1199 3414 eeu
1218 3351 1328 3433 capiat,
1352 3369 1429 3419 eun,-

171 3442 242 3506 dem
273 3446 454 3510 necessario
474 3446 643 3509 honestum
665 3468 737 3509 eoae
758 3463 791 3510 et
811 3447 934 3512 ratione
955 3463 1045 3512 recte
1065 3450 1131 3523 uti,
1164 3449 1325 3530 adeoque,
1359 3466 1431 3507 cum

170 3540 352 3606 intellectae
362 3543 409 3606 vin
421 3563 487 3604 non
504 3543 637 3606 alibero
649 3544 786 3624 pendeat
796 3545 941 3620 arbitrio,
961 3567 1065 3629 neque
1078 3547 1182 3619 talem,
1205 3565 1298 3631 quam
1308 3543 1362 3604 isti
1371 3540 1428 3602 lin-

170 3653 259 3724 gunt,
288 3640 320 3701 in
340 3640 482 3730 homine
496 3659 568 3702 eree
589 3638 768 3703 libertatem
789 3661 974 3723 persuasum
996 3640 1132 3712 haheo„
1161 3644 1228 3704 Nec
1249 3661 1360 3723 parum
1380 3657 1430 3699 me

168 3751 293 3812 moret,
326 3729 686 3821 qnodconaentientem
706 3757 830 3800 mecum
849 3739 907 3802 hac
929 3739 968 3802 de
990 3760 1027 3802 re
1047 3738 1180 3802 habeam
1201 3759 1327 3802 omnem
1349 3737 1430 3798 anti·
1497 3739 1498 3742 ’

169 3835 332 3919 quitatem,
355 3834 408 3896 cui
429 3832 556 3917 rapient
577 3854 613 3896 ac
632 3833 736 3897 bonna
756 3835 891 3917 perinde
913 3851 990 3898 erat.
1031 3839 1110 3912 Neo,
1132 3836 1179 3897 nti
1200 3835 1284 3911 dixi,
1312 3855 1431 3896 moram
1497 3885 1498 3888 ,

169 3929 285 4007 inlicit,
316 3927 401 4010 quod
422 3929 552 4014 plurimi
574 3932 774 3998 inveniantur
794 3931 963 4004 homiues,
986 3933 1040 4009 qui
1061 3955 1130 3996 oum
1151 3930 1258 3995 multia
1280 3929 1314 3991 in
1334 3929 1431 3992 rebna

170 4025 416 4108 prudentitaimi
437 4027 510 4104 aiut,
536 4041 589 4090 aut
608 4028 826 4112 pulcherrime
847 4029 888 4092 de
903 4029 1021 4092 virtute
1037 4050 1073 4091 ac
1090 4028 1233 4092 moribus
1252 4027 1347 4091 bonia
1365 4027 1430 4088 die·
1465 4055 1467 4069 ·
1497 4079 1498 4082 ,

171 4139 284 4204 putare
314 4123 430 4201 noiant,
463 4139 569 4188 tamen
595 4124 628 4187 in
659 4125 782 4210 agendo
802 4127 892 4209 pravi
913 4125 1201 4208 deprehendantur.
1243 4123 1432 4216 Quicunque
1497 4105 1498 4194 ¹

163 4220 258 4282 euim
278 4219 370 4300 hujua
391 4221 513 4284 lamnae
534 4237 624 4298 aaut,
657 4223 681 4283 ii
703 4237 811 4285 autre
831 4241 908 4287 vera
928 4213 1208 4304 prudentes'aunt,
1243 4239 1296 4286 aut
1317 4243 1431 4308 tepere

172 4327 293 4380 tantam
312 4316 471 4382 videntur.
513 4317 609 4410 Quod
630 4319 703 4383 illoc
724 4318 854 4397 adtinet,
887 4317 982 4384 facile
1002 4317 1075 4384 lieri
1094 4335 1219 4404 potest,
1240 4334 1285 4403 ‘ut
1306 4321 1433 4408 qnidam

1336 4419 1343 4444 Ι
