3014 4822
387 835 1014 937 etNDIDO

116 1021 390 1174 ,aa
509 1023 555 1144 o
674 1022 725 1140 a
846 1021 902 1142 o
1023 1023 1081 1140 a
1200 1027 1228 1144 1

604 1251 637 1316 θ’.
678 1251 717 1315 Ρ.
759 1249 800 1315 D.

306 1403 755 1478 Luttovtctts
826 1395 1096 1477 MEYER.

614 1601 797 1617 m

143 1783 444 1851 mathematicorum
474 1787 508 1848 in
536 1785 689 1850 Sciontiis
711 1785 941 1870 investigandis
962 1807 999 1851 ac
1021 1785 1184 1850 tradendis
1204 1791 1331 1856 Metho-

66 1871 150 1941 dum,
175 1867 240 1948 qni
261 1885 376 1946 nempe
398 1886 436 1927 ex
456 1864 718 1940 Definitionibus,
738 1868 912 1931 Postulatis
934 1881 1028 1951 atque
1050 1869 1224 1932 Axiomatis
1247 1869 1335 1932 Com

67 1949 234 2013 elusionea
261 1946 535 2020 demonstrantur,
569 1947 719 2041 optimam
749 1967 822 2010 esse
842 1949 1094 2033 tutissimamque
1114 1949 1260 2013 veritatis
1283 1951 1333 2012 in·

67 2030 103 2091 da
125 2028 232 2090 undae
258 2039 355 2123 atque
382 2025 546 2090 donandae
571 2047 665 2100 vtum,
696 2028 853 2104 omnium,
886 2029 942 2110 qui
968 2049 1063 2110 supra
1082 2029 1194 2112 tulgus
1216 2051 1333 2116 sapere

66 2051 190 2182 rodunt,
212 2105 372 2168 menimis
393 2121 440 2170 est
459 2107 627 2169 sententia.
649 2111 692 2170 Et
712 2107 840 2192 quidem
861 2106 931 2187 juro
951 2110 1076 2173 merito.
1098 2111 1332 2187 Etentmmm

67 2191 173 2252 omnis
202 2187 254 2250 rei
284 2185 412 2270 ignotae
439 2202 527 2251 certa
554 2207 591 2249 ac
611 2185 700 2248 lirma
722 2188 865 2270 cognitio
885 2209 960 2263 non,
983 2189 1046 2250 nisi
1069 2207 1108 2250 ex
1126 2194 1217 2253 certb
1236 2211 1333 2276 prae-

65 2267 228 2354 cognitis,
257 2265 381 2330 hauriri
408 2287 447 2330 ao
475 2265 615 2330 derivari
639 2281 744 2350 queat,
773 2267 853 2330 baec
879 2271 1065 2332 necessario
1092 2270 1131 2332 ab
1153 2269 1217 2334 imo
1238 2292 1334 2356 prae·

67 2348 224 2414 struenda
243 2361 350 2422 erunt,
376 2360 524 2430 tanquam
544 2347 657 2410 stabile
677 2348 937 2420 fundamentum,
968 2349 1019 2412 cui
1039 2351 1256 2430 postmodium,
1290 2373 1333 2416 ne

65 2443 187 2514 sponw
208 2428 366 2500 subsidat,
395 2442 451 2490 eut
467 2427 600 2490 minimo
621 2428 742 2510 impetu
761 2449 891 2512 pessum
913 2444 982 2505 eat,
1013 2443 1115 2492 totum
1136 2433 1332 2514 cognitionis
1429 2445 1434 2470 ¹

64 2511 225 2574 humanae
245 2506 424 2572 aedilicium
445 2509 735 2590 superimponetur.
776 2511 871 2572 latius
892 2523 997 2572 autent
1018 2523 1112 2572 notae
1134 2531 1223 2584 esse,
1252 2535 1333 2596 quae

65 2590 190 2676 passim
211 2588 394 2664 blstbeeeos
415 2587 592 2651 cultoribus
613 2589 742 2651 nomine
762 2585 1006 2667 Definitionum,
1027 2592 1266 2653 Postulatorum
1285 2607 1333 2654 at·

67 2691 133 2758 que
153 2667 356 2734 Axiomatttm
376 2668 487 2730 venire
508 2670 625 2741 solent,
647 2669 769 2731 nemini
790 2668 922 2732 dubium
943 2689 1014 2732 esse
1029 2671 1166 2765 poterit,
1198 2671 1253 2751 qui
1273 2691 1333 2734 no·

65 2752 167 2815 bilem
196 2750 289 2810 istem
314 2748 516 2830 disciplinam
547 2771 566 2810 u
591 2748 703 2811 limine
732 2755 853 2810 tantiam
879 2752 1072 2812 salutaverit.
1118 2747 1334 2816 Definitiones

65 2833 157 2895 enim
177 2827 260 2892 nihil
279 2828 366 2890 alind
386 2843 471 2902 sunt,
491 2831 585 2913 quim
604 2829 815 2892 terminorum
836 2841 931 2913 atque
952 2829 1125 2903 nominum,
1149 2828 1264 2911 quibua
1279 2851 1333 2893 res

3 2939 4 2964 t
65 2907 253 2976 tractandae
273 2906 492 2992 designantur,
511 2908 733 2991 apertissimae
754 2909 997 3005 explicationes.
1035 2910 1197 2972 Postulata
1217 2925 1333 2989 eutem,

67 3007 101 3056 et
121 2990 302 3064 Axiomata,
323 3009 384 3050 seu
403 3007 588 3052 communes
608 2989 707 3050 animi
728 2990 895 3064 Notiones,
917 2989 998 3052 adeo
1018 2990 1122 3052 clarae
1143 3003 1237 3072 atque
1282 3010 1334 3054 er-

67 3072 204 3155 spicuae
225 3083 300 3131 sunt
318 3068 581 3143 Enunci'ationes,
613 3083 648 3132 ut
666 3067 708 3130 iis
729 3087 850 3141 omnes,
873 3070 928 3154 qui
950 3071 1019 3152 ipse
1040 3068 1195 3134 vocabula
1216 3011 1279 3134 wp
1320 3109 1334 3127 ·

67 3153 168 3217 modo
187 3162 277 3214 recte
296 3148 528 3224 intellexerint,
548 3168 714 3213 assensum
736 3167 855 3234 negare
875 3169 1072 3236 nequaquam
1096 3152 1232 3232 possint.
1346 3179 1351 3186 =

153 3229 456 3302 verumenimvero,
482 3230 626 3315 quamvis
645 3228 724 3291 baec
745 3230 789 3292 ita
809 3249 845 3293 se
866 3229 1012 3306 habeant,
1035 3231 1137 3294 nullas
1157 3244 1272 3308 tamem
1304 3234 1334 3294 si

68 3311 312 3377 Mathematicus
341 3309 499 3392 excipias,
527 3308 600 3372 iere
621 3307 808 3392 disciplinas
830 3309 868 3372 ed
887 3310 1040 3374 Methodo
1062 3313 1262 3393 conscriptae
1281 3333 1334 3377 re-

72 3393 201 3476 periss;
226 3389 286 3453 sed
310 3389 372 3453 elii
400 3403 469 3452 toto
498 3409 601 3471 paene
629 3389 719 3452 caelo
747 3391 787 3452 ab
807 3389 868 3452 hac
889 3391 1028 3465 diversi,
1057 3391 1119 3474 qui
1138 3401 1254 3476 nem'pe
1273 3415 1336 3476 per

69 3471 307 3544 Definitiones,
334 3483 367 3532 et
396 3469 601 3543 Biriciana,
631 3471 719 3532 inter
739 3491 773 3534 se
795 3472 946 3534 contiuuo
968 3485 1207 3546 concatenatas,
1239 3486 1334 3558 atque
1388 3497 1390 3505 ·

69 3549 246 3616 hincinde
266 3548 505 3634 quaestionibus
526 3563 620 3634 atque
641 3548 907 3632 explicationibus
928 3552 1138 3624 intermixtas,
1158 3563 1259 3614 totum
1280 3554 1336 3615 ab·

71 3633 213 3697 solvitur
231 3630 404 3712 negotium.
444 3629 634 3694 iudicarunt
654 3629 741 3690 enim
760 3629 863 3693 ferme
885 3652 1005 3702 omnes,
1037 3652 1074 3694 ac
1095 3632 1264 3695 etiamnum
1285 3631 1336 3712 ju·

71 3713 182 3776 dicent
210 3710 320 3784 multi,
351 3709 406 3792 qui
434 3709 582 3774 scientiis
611 3709 843 3772 constituendis
870 3711 1177 3797 conscribc.1disque
1197 3713 1336 3774 animum

73 3792 277 3872 adjecerunt,
307 3790 495 3853 Methodum
519 3791 611 3851 istam
631 3788 863 3854 Mathematicis
894 3791 1076 3874 disciplinis
1102 3813 1173 3856 esse
1194 3791 1335 3876 peculia·
1362 3836 1365 3855 ,

73 3893 154 3948 rem,
175 3871 381 3956 reliquasque
401 3890 511 3936 omnes
529 3871 613 3933 illam
630 3889 784 3954 respuere
799 3883 894 3956 atque
906 3874 1080 3955 aspernari.
1102 3873 1193 3936 Unde
1206 3874 1334 3945 factum,

73 3965 123 4024 stt,
155 3971 362 4036 quaecunque
388 3950 424 4012 in
448 3949 588 4014 medium
607 3950 782 4026 adducunt,
817 3952 913 4014 nullis
944 3952 1134 4036 apodicticis
1157 3949 1334 4016 rationibus

77 4030 309 4106 demonstrent,
338 4029 396 4092 sed
417 4038 536 4094 tantum
555 4031 902 4104 verisimilitudinibua,
932 4032 1219 4115 probabilibusque
1239 4045 1333 4107 ergu-

77 4113 192 4176 mentis
213 4111 380 4174 adstruere
399 4126 571 4182 conentur,
601 4121 744 4196 magnam
765 4112 802 4175 ei
823 4113 947 4175 ratione
970 4103 1155 4198 magnorum
1175 4109 1334 4170 librorum

77 4191 271 4278 farraginem
292 4190 326 4254 in
345 4192 447 4254 lucem
466 4189 710 4275 protrudentes,
742 4191 776 4253 in
803 4193 917 4274 quibus
944 4191 1025 4254 nihil
1045 4191 1167 4254 stabilis
1188 4185 1335 4249 invenias

78 4285 171 4358 etque
197 4271 296 4344 cet-ti,
325 4269 382 4332 sed
407 4273 511 4336 omnia
541 4271 756 4336 contentionis
776 4288 871 4346 atque
893 4270 1019 4336 dissidii
1039 4273 1145 4354 plene,
1178 4279 1219 4338 et,
1249 4265 1334 4351 quod

81 4352 117 4415 sb
145 4373 212 4417 cuc
238 4351 429 4432 rstiqnculis
456 4351 646 4440 quibusdam
675 4353 801 4417 levibns
818 4347 993 4438 'utcunque
1026 4345 1244 4478 eoqsspptatum
1274 4356 1333 4415 est,
