3014 4822
516 171 718 272 Praefatio
740 171 902 250 aditoria.
1307 189 1344 244 xl

76 339 193 426 quotie
208 337 274 406 aiio
291 339 509 424 diatiagaitnr.
536 345 636 430 Atqui
657 347 687 408 ai
707 347 769 414 hee
784 369 895 412 ver-nra
916 359 976 420 aaa,
998 359 1029 410 et
1050 345 1078 408 at
1100 342 1259 426 ipaiuima
1275 342 1345 404 ut.

74 438 119 500 mi
141 435 275 500 tmnt
293 452 403 502 natura
431 439 549 504 inilia
577 443 748 528 cingulum,
783 465 878 530 quera
898 441 1055 515 «Raima,
1096 440 1272 524 capientiae
1291 439 1346 502 vel

74 533 206 598 virtntia
224 529 322 594 modo
340 533 504 618 comittit,
539 552 603 600 tum
635 559 715 604 vero
743 540 927 604 neceaaarin
961 538 1118 623 nequitur,
1147 555 1211 600 uno
1232 547 1346 600 unone

73 649 110 694 ae
132 629 285 694 continua
305 630 407 706 uarie,
440 653 501 696 nan
531 656 663 717 nequam
692 638 870 718 interrupta
902 649 1028 711 catena,
1060 634 1197 698 animum
1223 653 1241 695 a
1272 651 1346 714 pra·
1437 645 1444 668 ⁸

73 727 127 791 via
156 726 196 789 ad
226 727 379 803 meliora,
411 743 465 791 ant
491 745 602 796 contra
628 732 824 815 procedere,
867 747 898 798 et
923 729 959 793 id
978 731 1082 814 ipsum
1101 729 1257 813 temporie
1278 749 1346 792 mo·

76 839 240 896 mantum,
273 825 565 908 quattuorviris,
601 829 781 895 arctieaimo
807 827 937 892 vinonio
967 827 1145 892 cohaerere
1172 847 1244 890 cura
1276 846 1346 890 cua·

77 922 160 986 atina
187 919 260 996 dia,
296 933 393 1005 atque
427 920 529 1005 iqitnr
557 923 714 1011 quidquid
736 927 826 1010 agie,
858 925 954 1008 egisti
974 937 1008 988 at
1028 943 1124 1006 agea,
1162 919 1346 986 naoeaaarie

76 1027 320 1082 concatenatum
349 1035 433 1080 aeae.
485 1019 580 1112 Quod
606 1021 643 1084 'nt
669 1041 762 1104 qnam
790 1021 966 1087 clarissime
988 1021 1158 1102 adpareat,
1190 1031 1348 1083 tentamus

75 1113 164 1175 illam
185 1114 387 1186 tentandam,
410 1134 503 1197 qnam
524 1113 577 1176 ia‘ti
600 1115 786 1190 defendunt,
810 1118 950 1198 Spinoaa
972 1130 1075 1182 antam
1098 1113 1251 1199 explodit.
1279 1117 1347 1178 Do·

75 1223 152 1272 ⁰⁰⁰²
181 1207 268 1270 essim
297 1208 343 1283 hia
376 1207 522 1273 hominen
555 1212 767 1298 qualicunque
794 1213 878 1278 vitae
906 1228 1069 1278 momento
1095 1213 1244 1276 da'novo
1265 1210 1346 1274 inci·

75 1327 181 1388 pere,
209 1318 242 1368 et
271 1317 306 1366 nt
335 1307 473 1368 Proteus
494 1307 549 1368 illa
570 1309 729 1394 antiquae,
758 1310 829 1373 eolo
851 1309 1008 1377 libertatis
1029 1328 1090 1372 nan
1111 1307 1347 1374 diveraiaeimaa

76 1401 196 1486 agendi
217 1401 337 1464 sorum
358 1401 494 1466 iuduere
514 1421 625 1485 poa-e,
652 1407 741 1471 nnuc
762 1406 890 1474 vinculo
911 1405 1094 1480 adstrictos,
1125 1424 1186 1469 nec
1207 1423 1278 1470 aare
1300 1405 1348 1466 ut·

76 1498 140 1562 lam
167 1517 297 1572 eornm,
333 1517 416 1584 qnae
443 1495 506 1575 iam
535 1519 617 1582 ago,
655 1501 930 1568 neceaaitudinem
959 1521 1029 1569 cnm
1065 1493 1132 1578 iia,
1165 1521 1246 1586 quae
1275 1498 1350 1562 heri

77 1611 111 1660 et
139 1608 214 1658 anta
244 1615 360 1660 aannm
390 1593 476 1674 seci3
508 1596 688 1686 docentque
719 1597 805 1674 ideo,
838 1599 908 1662 eolo
930 1597 1068 1668 arbitrio
1087 1617 1147 1662 noa
1169 1618 1234 1660 uno
1255 1595 1348 1682 qumi

76 1694 144 1756 ictu
165 1713 268 1756 noroa
287 1691 435 1756 hominea
456 1687 528 1755 fieri
548 1715 656 1778 poaae.
698 1697 807 1778 ltaque
833 1691 907 1755 ficri
933 1695 1056 1776 poterit
1088 1694 1263 1780 secundant
1291 1693 1350 1756 ho-

78 1812 150 1852 rum
170 1779 384 1864 seutentiam,
415 1802 449 1851 nt
471 1803 622 1872 reapeotn
642 1788 752 1857 habito
773 1788 861 1852 illiua
882 1789 920 1856 ad
942 1790 1091 1853 virtutem
1114 1791 1167 1854 vel
1187 1789 1350 1854 contraria

78 1885 215 1960 hanimo,
239 1903 303 1966 qno
324 1886 429 1968 ipaum
450 1883 609 1968 illudEgo
631 1885 683 1948 vel
703 1890 752 1948 Tu
774 1887 953 1952 conaiatere
976 1884 1274 1958 denuntiavimus,
1296 1905 1348 1946 ea-

83 1982 155 2046 dem
175 2002 328 2064 perenna,
356 2000 427 2045 oum
447 1983 475 2044 Δ
496 1981 612 2058 fuerit,
643 1998 778 2064 repente
803 1985 831 2046 B
866 1996 897 2046 et
917 1987 941 2048 C
964 1995 997 2045 et
1018 1984 1047 2045 D
1070 1996 1103 2048 et
1133 1981 1182 2046 tic
1210 1983 1245 2046 in
1273 1979 1347 2046 inii·

81 2079 183 2142 nitnm
204 2079 266 2142 alia
289 2075 422 2150 evadat,
454 2077 581 2143 toilicet
610 2078 677 2140 aola
705 2080 736 2144 vi
757 2100 794 2143 ac
815 2079 935 2143 virtute
956 2077 1072 2152 tiberi,
1102 2079 1189 2164 qnod
1211 2078 1346 2164 fingunt,
1460 2109 1463 2114 ·

80 2174 219 2240 arbitrii.
241 2172 307 2240 Sed
326 2171 389 2236 hoo
407 2186 458 2236 eet
471 2173 652 2248 abanrdum,
676 2195 746 2250 neo,
768 2176 798 2238 ai
816 2175 859 2240 ita
870 2195 908 2240 aa
925 2195 978 2238 rea
993 2176 1139 2250 haberat,
1155 2197 1216 2258 pro
1230 2176 1347 2240 iiadem

81 2285 229 2355 noa'per
258 2291 384 2336 omnem
411 2269 497 2335 vitae
524 2292 650 2336 currum
681 2291 936 2354 agnoaceremna.
983 2275 1032 2336 Ex
1054 2275 1215 2358 Spinozaa
1245 2285 1350 2336 autern

79 2369 240 2434 contentia
266 2365 346 2434 haec
367 2367 488 2452 optima
510 2369 701 2452 procedunt,
722 2383 755 2432 et
776 2391 855 2454 qnae
878 2370 949 2453 ipae
969 2369 1066 2436 docet
1087 2392 1158 2436 cnm
1178 2367 1347 2452 experien-

79 2467 123 2532 tia
152 2481 186 2530 ct
215 2486 325 2528 rerum
352 2465 488 2532 veritate
509 2465 644 2529 maxime
671 2481 861 2549 congruunt.
902 2468 1020 2533 Mutari
1042 2469 1127 2531 enim
1147 2464 1293 2532 homiues
1316 2477 1350 2528 at

78 2565 151 2651 ipae
185 2583 315 2646 temper
346 2577 380 2626 at
410 2563 562 2628 continua
589 2560 813 2626 rioiaaitndine
840 2563 925 2628 inter
961 2561 1123 2629 deteriora
1152 2577 1184 2628 at
1212 2564 1347 2628 honeata

80 2655 231 2724 fluctuari
252 2656 411 2736 concedit,
432 2657 490 2722 aed
511 2658 616 2721 omnia
638 2659 841 2732 mutationis,
872 2674 1040 2746 antequam
1060 2660 1126 2738 fiat,
1147 2681 1271 2724 canum
1291 2679 1348 2722 na·

81 2757 255 2822 ceaaarim
285 2755 319 2816 in
348 2755 445 2823 animi
471 2754 602 2832 habitu,
631 2756 683 2820 vel
713 2755 746 2818 in
777 2755 874 2820 rebna
902 2757 1044 2820 externis
1071 2755 1128 2834 (ex
1152 2759 1206 2822 hia
1226 2755 1373 2820 duobua·

83 2854 169 2916 enim
192 2851 297 2916 omnia
319 2849 475 2934 pendent)
495 2851 598 2918 iuiaae
619 2851 803 2924 contendet,
824 2849 978 2936 ideoque,
1011 2854 1041 2916 ai
1062 2855 1134 2940 quia
1154 2867 1226 2918 anta
1248 2871 1349 2914 annua

81 2952 134 3014 val
163 2951 255 3026 dica,
293 2948 411 3012 melior
439 2947 679 3034 eapientiorqne
711 2961 742 3013 et
774 2967 857 3011 nuuc
889 2948 1021 3030 pravior
1050 2951 1103 3014 rel
1134 2962 1244 3014 contra
1276 2947 1349 3020 erit,

80 3047 116 3110 in
137 3044 280 3128 ejuadem
301 3058 411 3108 natura
432 3044 592 3129 animique
613 3044 724 3109 habitu
745 3064 869 3108 canaam
899 3044 1000 3122 suinae
1029 3045 1177 3124 dotabit,
1209 3067 1269 3130 qua
1290 3063 1347 3108 ae·

83 3143 230 3208 ceaaario
252 3141 368 3204 iactum
389 3141 443 3216 ait,
464 3157 500 3206 ut
520 3164 605 3204 nunc
623 3143 741 3208 mester
761 3141 804 3204 ait
824 3143 878 3206 vel
900 3139 1053 3208 deterior.
1085 3147 1152 3209 Nec
1173 3139 1348 3208 occandum

83 3253 232 3303 noatrnm
261 3237 387 3302 ratione
417 3239 610 3304 inerementi
639 3240 785 3304 hominen
819 3236 973 3302 differunt
1005 3263 1022 3301 a
1056 3241 1174 3306 euteria
1210 3240 1345 3312 notaria,

83 3356 165 3422 qnae
196 3335 262 3400 rita
294 3334 458 3418 praeditae
487 3335 521 3396 ia
542 3334 661 3398 mundo
679 3350 772 3414 annt3
803 3334 862 3398 ned
882 3333 978 3398 aienti
997 3336 1103 3418 planta
1125 3335 1245 3430 omnia)
1279 3351 1347 3400 nnn
1428 3379 1436 3394 .

81 3432 169 3498 bona
191 3431 305 3499 evadet
327 3443 358 3494 at
377 3430 507 3514 pulcroa
528 3429 652 3494 editnra
672 3431 795 3498 fructu·
816 3445 876 3504 eat,
905 3430 961 3494 ubi
982 3451 1114 3515 germen
1134 3435 1254 3500 bonnm
1275 3432 1346 3496 ino·

81 3533 139 3609 rit,
160 3543 195 3593 et
213 3550 267 3593 rea
289 3541 439 3590 externae
461 3525 610 3602 faverint,
643 3527 671 3588 ai
691 3528 815 3592 acilicet
834 3527 945 3610 pluria·
962 3534 1167 3614 tempestiva,
1194 3529 1347 3614 adriaqna

80 3624 261 3711 temperie·
282 3621 431 3698 adiuerit,
460 3644 519 3688 neo
541 3623 736 3690 insectorum
756 3625 876 3690 malitia
896 3627 1057 3690 nocuerit:
1090 3629 1134 3694 ita
1154 3642 1219 3692 tum
1239 3628 1345 3692 boam

82 3723 147 3788 crit
166 3723 266 3787 homo
287 3718 543 3802 laudabilemqne
565 3719 686 3784 tenebit
705 3721 809 3786 victae
829 3743 964 3791 curuum.
996 3722 1054 3787 uhi
1073 3745 1134 3788 nec
1154 3739 1265 3789 natura
1284 3747 1346 3790 neo
1453 3779 1457 3784 .

82 3818 243 3892 doctrina,
264 3837 327 3882 nec
348 3836 419 3881 aora
434 3815 516 3879 bona
533 3815 686 3893 desuerit·
705 3840 824 3904 pravae
842 3834 946 3882 antem
962 3817 1058 3894 idem,
1079 3823 1110 3884 ai
1124 3834 1234 3886 natura
1249 3821 1346 3898 bona,
1409 3867 1411 3875 ,

80 3917 134 3981 vel
152 3915 309 3990 doctrina,
330 3915 383 3979 vel
397 3915 547 3979 altat-ntra
568 3913 715 3980 abfuerit
753 3916 854 4000 quue
876 3937 969 4002 quam
988 3915 1124 3982 maxima
1144 3937 1215 3982 enm
1235 3935 1346 3980 rernm

82 4012 222 4079 veritate
243 4031 433 4096 congruere,
454 4033 550 4078 namo
569 4012 708 4095 negabit

162 4105 260 4174 atde
278 4108 352 4172 hnic
366 4119 565 4192 argumento,
587 4110 671 4195 quod
693 4107 825 4174 nonnisi
846 4108 970 4176 ratione
989 4110 1092 4174 libere
1112 4127 1210 4193 agane
1230 4127 1345 4189 potan-

84 4227 166 4272 mna.
210 4203 333 4270 Omnea
364 4205 451 4270 enim
480 4205 643 4278 hominea,
678 4205 835 4291 quidquid
853 4221 961 4291 agunt,
990 4221 1044 4270 aut
1064 4203 1217 4268 inatincta
1237 4205 1345 4271 nativo

85 4317 192 4390 agunt,
224 4315 280 4368 ant
298 4301 433 4368 catione.
484 4302 553 4398 Qui
568 4316 674 4366 antam
693 4303 847 4370 inatinctn
866 4319 978 4389 agunt,
1010 4324 1066 4368 eoa
1092 4315 1191 4362 nemo
1208 4317 1345 4398 nuquam
