3014 4822
493 157 694 258 Praefatae
706 151 882 232 'editoris
1262 141 1350 266 ,ml

60 335 162 398 saillis
194 329 394 399 florenorum
426 332 512 398 dono
543 332 669 398 obtulit.
723 333 783 400 Vir
802 332 1009 398 doctissimus
1031 350 1126 420 atque
1147 341 1339 420 expertissi-

59 455 142 504 mus,
165 435 203 494 1..
216 435 303 495 nte.
313 438 356 497 Μ.
369 433 408 530 Q
420 435 460 495 Ι).
481 433 521 497 ad
543 453 636 517 quem
657 429 809 496 vicesima
829 451 914 494 nona
935 430 1079 514 pertinet
1101 435 1252 516 epistola,
1273 441 1339 502 Lu.

59 529 197 592 doricus
219 533 330 611 Meyer
351 545 409 602 est,
432 528 664 613 Philosophiae
682 525 938 616 MedicinaeQue
956 528 1090 602 Doctor,
1114 528 1264 617 idemque
1286 533 1339 596 di-

58 646 231 691 versorum
252 627 355 689 nostri
377 627 573 710 scriptorum
594 626 712 689 editor.
735 625 816 719 Quis
834 628 951 688 Petrus
970 626 1097 709 Balling
1118 625 1230 706 suerit,
1252 629 1338 696 haud

60 725 205 787 invenio.
262 723 470 787 Guilielmum
499 723 682 806 Blyenberg
710 737 921 788 mercatorem
954 722 1198 788 Dordrsccnuns
1233 726 1337 794 luisse

60 835 200 884 testatur
225 820 371 883 Bruclter
402 821 435 882 in
466 819 599 883 historia
628 819 816 901 Philosoph.
845 821 1002 886 Tomlv.
1031 821 1170 885 Parcll.
1192 823 1338 890 Litterae

61 919 199 980 xxxtx
214 917 253 980 sd
264 919 334 980 xm
354 936 455 1001 usqae
468 917 508 978 ad
526 935 712 1000 anonymum
724 915 864 998 scriptae
879 931 963 994 sunt.
987 915 1101 981 Virum
1112 920 1337 988 doctissimam

60 1014 385 1099 expertissimnmque
395 1016 424 1078 J.
437 1017 475 1076 B.
490 1013 529 1076 ad
542 1035 636 1100 quem
649 1013 786 1097 epistola
798 1014 885 1075 xnu
895 1012 965 1076 data
980 1029 1040 1092 est,
1062 1015 1241 1082 iohannem
1254 1023 1335 1084 Bra·

60 1110 288 1194 denburgium,
309 1110 491 1174 Medicinae
510 1110 687 1186 doctorem,
709 1108 910 1196 eundemque
924 1110 1036 1186 fuisse,
1060 1115 1116 1199 qui
1129 1132 1242 1178 versus
1258 1137 1335 1180 suos

59 1203 238 1290 Principiis
259 1208 486 1293 philosophiae
507 1208 702 1270 certesianae
722 1205 883 1292 praefixit,
905 1211 1336 1292 suspicstnr'celeberrimns

59 1307 110 1368 De
122 1309 224 1368 Murr.
246 1305 327 1397 Quis
337 1306 389 1368 vir
397 1305 619 1369 ornatissimus
627 1306 656 1368 J.
663 1325 693 1369 r.
702 1309 744 1366 ll.
762 1303 802 1367 ad
812 1325 908 1390 quem
922 1308 1023 1370 XLlll
1035 1321 1093 1383 est,
1105 1308 1216 1385 fuerit,
1231 1311 1341 1373 nesci-

58 1416 122 1465 tur.
135 1403 305 1467 Vissutem
314 1401 662 1487 humanissimusatque
673 1402 1237 1490 prudentissimusJ.J.Jarrig.lelles
1246 1411 1336 1472 hien-

61 1499 171 1562 nchits
195 1497 322 1582 quidam
344 1513 427 1571 erat,
461 1499 515 1582 qui
543 1519 615 1562 cum
640 1514 849 1563 mercaturam
871 1502 1070 1565 exercuisset
1091 1504 1334 1583 Amstelodsmi,

61 1596 129 1659 otio
148 1607 181 1658 et
198 1615 239 1658 ex
255 1596 409 1680 quaesitis
428 1594 587 1658 reditibus
603 1596 703 1675 rixit3
724 1597 1022 1680 praelationemque
1045 1623 1180 1683 operum
1199 1604 1334 1686 posthu-

60 1713 196 1763 morum,
219 1711 313 1774 quam
333 1706 445 1774 postea
467 1694 548 1754 Lada
558 1697 670 1774 Meyer
689 1693 788 1756 latine
810 1695 915 1770 vertit,
945 1696 1051 1778 primo
1078 1699 1205 1782 belgice
1227 1703 1335 1786 scrip-

62 1779 147 1854 sisse
167 1789 295 1852 dicitur.
317 1789 392 1867 (cir.
416 1791 524 1870 Bayle.
547 1811 684 1854 ocurras
708 1790 864 1854 diverses.
892 1795 984 1855 'l'osn
996 1793 1062 1866 1v.‚
1085 1815 1117 1875 p.
1132 1793 1214 1869 164.)

140 1886 285 1966 Epistola
306 1889 447 1953 XLVlll.
479 1885 722 1968 injustissimum
754 1887 898 1951 continet
927 1889 968 1950 de
995 1889 1099 1952 nostri
1125 1891 1333 1978 philosophis

62 1980 224 2062 judicium,
248 1983 333 2069 quod
355 1984 560 2047 humbertum
582 1983 622 2045 de
645 1982 855 2066 Velthuysen,
886 1985 1065 2048 Medicinae
1088 1987 1256 2052 doctorem
1279 1992 1332 2070 (L.

61 2080 101 2139 D.
116 2080 153 2144 V.
164 2081 272 2156 aab.)
289 2078 329 2141 ad
349 2083 488 2144 laaacum
505 2080 663 2145 Orchiam
676 2094 706 2142 et
717 2082 823 2164 ipsum
841 2082 998 2146 medicam
1021 2083 1065 2158 (J.
1080 2083 1137 2161 0.)
1160 2086 1334 2169 scripsisse

58 2180 109 2240 De
118 2182 364 2242 Murrautumat.
374 2177 519 2260 Epistola
530 2178 678 2262 coquenti
687 2179 883 2242 nosterhsec
891 2180 1066 2260 opprobrie
1078 2182 1220 2267 castigat
1230 2185 1334 2273 Quin-

59 2276 243 2358 qusqesima
259 2275 361 2344 tertia,
389 2271 478 2354 jussu
501 2275 662 2338 Electoris
688 2274 830 2358 palatini,
860 2273 967 2338 Caroli
991 2275 1153 2340 Fridcrici
1184 2281 1334 2346 oblector

57 2395 74 2434 a
96 2372 249 2434 Fabricio
269 2372 431 2454 Spinczae
455 2371 618 2454 professio
641 2373 674 2433 in
695 2369 854 2435 academia
875 2372 1158 2458 Heidelbergeuai.
1179 2379 1330 2444 le.no·

57 2484 126 2533 ster
146 2469 345 2550 respondet3
374 2490 437 2553 qua
467 2470 499 2530 in
521 2489 557 2531 re
586 2469 736 2556 equidem
757 2489 823 2530 non
844 2487 915 2531 cum
938 2471 1038 2533 Paulo
1059 2471 1334 2560 Heidelbergensi

56 2566 240 2650 principem
263 2567 487 2648 obstupescam
508 2565 692 2648 palatinam,
723 2565 803 2642 eius,
835 2587 852 2627 a
881 2585 945 2649 quo
972 2567 1043 2651 ipse
1062 2582 1129 2632 tum
1155 2571 1334 2638 litterarum
1456 2623 1460 2634 .

55 2665 192 2728 salutem
216 2663 412 2747 expectabat,
443 2683 619 2746 proavum:
652 2682 724 2723 nam
747 2662 824 2747 qnid
847 2663 1208 2749 erst,·philosophctn,
1241 2671 1332 2753 cujus

54 2759 118 2845 jam
139 2760 222 2822 fama
243 2779 304 2844 per
323 2759 435 2822 orbern
457 2761 582 2823 clarere
604 2761 782 2856 inceperat,
804 2781 983 2834 arcessere,
1005 2761 1065 2824 scd
1079 2731 1252 2846 ipinozsm
1269 2789 1331 2851 po·

55 2858 121 2920 tius
141 2857 292 2932 admirer,
316 2858 372 2941 qui
395 2877 465 2919 cum
487 2857 712 2942 pauperrimus
734 2871 830 2932 esset,
854 2872 886 2919 et
908 2857 941 2918 in
963 2857 1073 2920 umbra
1089 2860 1255 2945 hucusque
1273 2863 1330 2927 de.

54 2955 191 3030 licuerit,
214 2955 296 3018 hanc
318 2953 475 3016 honoram
495 2951 763 3039 acquirendorum
781 2952 984 3018 occasionem
1004 2969 1136 3033 nactus,
1148 2978 1218 3020 cum
1233 2981 1328 3042 prae-

54 3053 192 3128 videret,
215 3074 250 3115 se
272 3073 351 3125 eam,
374 3071 435 3136 qna
456 3053 526 3114 sine
547 3045 678 3134 indigna
700 3063 751 3112 cst
770 3050 917 3113 docentis
939 3051 1096 3130 conditio,
1126 3053 1263 3120 docendi
1285 3061 1328 3123 li.

55 3149 211 3212 bertatem
234 3167 433 3234 nequaqnam
453 3147 643 3222 babituram,
667 3146 753 3208 intes
773 3145 921 3211 homines
944 3149 1070 3258 scjlicet
1091 3155 1326 3218 contrusersiis

54 3245 250 3330 theologicis
273 3245 504 3317 deditissimus,
525 3245 559 3306 in
581 3265 639 3308 suo
662 3244 735 3307 loco
757 3258 882 3308 restare
903 3246 1024 3310 maluit.
1334 3243 1338 3255 '

135 3345 292 3434 Quisnam
312 3344 340 3409 is
361 3343 472 3417 fuerit,
501 3341 557 3427 qui
579 3341 716 3425 epistola
737 3341 796 3405 LV
817 3356 850 3404 et
870 3344 1081 3428 sequentibus
1103 3347 1326 3432 quaestionem

55 3436 95 3502 de
117 3443 256 3522 spectris
280 3443 433 3517 instituit,
466 3438 620 3523 adquam
641 3437 782 3520 Spinoaa
804 3437 909 3504 facete
930 3441 1116 3526 respondit,
1149 3445 1325 3528 ignoratur.

53 3538 212 3623 Reliquae
239 3538 381 3623 praetsr‘
399 3539 476 3602 duas
507 3534 633 3597 ultimas
659 3536 698 3597 ad
727 3535 954 3600 amicissimum
975 3541 1136 3624 Spinosae
1157 3547 1325 3624 Meyerum

55 3632 147 3697 datas
167 3629 251 3710 sunt,
274 3636 308 3700 id
328 3636 412 3724 quod
428 3657 468 3700 ex
481 3633 609 3717 epistol.
626 3633 740 3695 xxix.
756 3634 870 3718 elucet.
902 3636 1082 3700 Pennltima
1096 3659 1112 3700 a
1127 3637 1245 3721 jurene
1264 3661 1324 3704 no·

53 3733 404 3809 biliEdmundoiiorlt,
426 3733 545 3817 scripta
568 3743 629 3805 est,
652 3730 707 3816 qui
728 3749 799 3794 cum
817 3744 909 3796 sntsa
929 3733 1105 3818 discipulus
1123 3739 1226 3801 nostri
1242 3736 1322 3799 luis·
1380 3793 1384 3812 ,

53 3846 114 3903 ιιι,
145 3830 180 3893 in
207 3833 298 3897 ltalia
324 3857 342 3896 a
372 3831 578 3898 confessione
608 3830 779 3893 relomnsts
806 3829 847 3892 ad
867 3833 1014 3914 Papiatas
1035 3832 1166 3898 deiecit.
1208 3833 1323 3898 Ultima

52 3928 299 4016 responsionem
320 3929 423 3994 nostri
444 3931 595 3994 continet.
691 3993 694 4001 ,
775 3945 777 3948 ’

134 4027 380 4090 Grammaticsm
410 4026 610 4103 hebraicam,
650 4047 731 4111 quae
752 4026 847 4090 unice
866 4041 965 4091 restat
986 4047 1026 4090 ex
1047 4029 1196 4117 geqainis
1217 4028 1322 4092 nostri

52 4121 194 4206 scriptis,
218 4123 394 4200 omisimus,
417 4125 490 4211 quia
511 4122 551 4185 ad
572 4137 716 4186 nostrum
736 4121 832 4188 linem
853 4145 966 4208 parum
986 4123 1073 4190 lacit.

130 4221 297 4304 Spinosae
317 4222 412 4287 sitam
433 4221 677 4304 descripserunt
706 4237 838 4306 praeter
860 4243 916 4300 es,
952 4242 1032 4305 quae
1053 4223 1183 4304 Bsylius
1204 4220 1239 4280 in
1262 4237 1332 4280 suc·

50 4315 266 4395 Dicticnaric,
286 4321 423 4402 plurima
442 4343 483 4386 ex
504 4331 594 4402 parte
615 4318 764 4405 maligne,
797 4334 832 4384 ut
857 4333 907 4385 sst
934 4321 1101 4402 procacius
1117 4306 1227 4393 ‘hujus
1257 4312 1319 4375 visi

52 4410 226 4496 ingenium,
257 4418 391 4492 notarit,
421 4419 496 4482 Job.
520 4417 667 4493 Colerns,
699 4415 856 4480 ecclesias
877 4414 1079 4490 bethericas,
1110 4409 1319 4497 qaaeHagas

99 4515 201 4614 carpo
217 4517 370 4608 sauma
392 4516 445 4586 ιιι,
466 4539 490 4581 a.
871 4579 873 4585 Α
1084 4493 1113 4549 *
