3014 4822
70 203 74 213 ι
165 174 254 231 svm
612 144 811 244 Praefatio
837 143 991 220 editoris

167 327 319 394 comitum
341 319 464 394 lloruit,
486 317 645 393 minister,
667 319 726 382 sub
747 320 852 382 titulo.
884 318 952 394 „La
974 321 1027 385 rie
1048 322 1088 385 de
1110 321 1258 407 Spiuosa,
1281 325 1364 389 tire·
1384 325 1444 392 des
1499 359 1500 382 l

169 427 267 490 dorits
291 421 332 484 de
354 440 391 480 ce
414 417 540 480 farneux
560 415 770 498 Philosophia,
793 430 826 480 et
846 413 887 478 du
909 417 1113 502 temoiqnsge
1133 421 1175 485 ds
1192 421 1352 502 plusieurs
1367 445 1445 506 per·
1499 419 1500 486 l

169 543 290 588 sannas
319 516 434 597 dignes
467 513 507 576 de
529 512 594 591 foi,
624 513 678 597 qui
700 513 777 576 l'ont
797 533 903 576 oonnu
925 516 1230 599 particulie'rement.
1280 523 1343 582 Par
1363 524 1447 587 Jean
1499 497 1500 518 Χ

63 647 65 658 ¹
172 619 308 682 Colcrue
347 613 494 675 Ministro
527 611 567 673 dc
598 609 739 692 l’Eglise'
759 611 981 674 Lnthe'rienne
1009 612 1049 678 de
1080 614 1110 676 la
1141 617 1239 696 Haye.
1281 617 1367 680 Chea
1405 623 1446 680 Τ.
1499 683 1500 686 ,

172 714 322 780 Johnson
354 707 528 772 Marchand
549 707 698 770 Librairc
727 707 804 770 dans
825 709 856 770 le
878 713 1012 772 Pcoten.
1049 707 1134 786 1706.
1165 707 1237 776 dvo.
1269 734 1341 796 pag.
1367 711 1448 774 1812

173 806 399 876 Praescrhoe,
422 809 536 876 Lucas,
560 803 714 876 Medicus,
746 805 843 880 libro,
865 807 920 890 qui
941 806 999 868 suh
1019 807 1081 870 hoo
1101 807 1196 870 titulo
1217 809 1355 890 prodiit:
1398 813 1448 873 Ls
1499 821 1500 826 ’

174 909 228 975 vie
251 904 451 986 chpinosa,
473 923 531 984 par
552 921 593 962 un
615 901 655 962 de
677 921 729 962 ses
753 898 926 986 disciples:
948 904 1103 968 Nouvelle
1125 905 1248 968 edition
1270 928 1334 968 nou
1355 921 1447 969 uon·

11 1027 15 1034 ·
108 1071 114 1083 ,
172 1004 265 1092 qudo,
297 1001 487 1084 augmentis
510 999 550 1062 de
573 998 727 1082 quelques
749 1001 849 1062 Notes
878 1014 910 1064 et
938 999 979 1062 du
1007 1001 1171 1084 catalogue
1197 1002 1237 1064 de
1259 1023 1313 1064 sae
1336 1004 1447 1078 ecrite,
1499 1003 1500 1022 ¹

172 1125 231 1186 par
252 1123 295 1162 un
316 1113 405 1162 autre
427 1097 466 1158 de
487 1117 540 1159 ses
564 1093 717 1178 disciples
736 1099 753 1158 a
770 1095 945 1179 Hasnburq,
968 1097 1049 1160 chen
1066 1101 1176 1178 Henry
1190 1100 1342 1162 liumatla.
1358 1099 1446 1176 1735,

171 1197 243 1266 dvo.
266 1209 398 1280 pag.47.
442 1193 539 1256 Prior
562 1189 661 1254 editio
682 1190 808 1253 editore
829 1193 901 1256 Elia
923 1194 1040 1256 Beuoit
1060 1194 1236 1276 prodierat.

246 1285 386 1356 'Praeter
406 1293 467 1354 hoa
489 1288 592 1353 nostri
613 1288 677 1350 vita
697 1309 713 1348 a
730 1289 892 1352 Niceronc
909 1289 1080 1352 Barnahita
1100 1291 1133 1352 in
1156 1292 1450 1378 „Me'tnoirespour
1499 1311 1500 1378 l

174 1392 280 1460 scrsir
302 1396 319 1454 d
339 1386 498 1450 l⁸histoire
520 1385 576 1446 des
598 1383 741 1450 hommes
762 1386 906 1450 illustres
929 1386 1006 1450 dana
1027 1386 1055 1446 la
1073 1387 1278 1472 Re'publique
1301 1389 1358 1454 des
1372 1395 1448 1455 Let-

173 1507 251 1564 tres,
276 1487 463 1552 Tom.lllll.
486 1487 504 1544 a
525 1485 619 1546 Paris
646 1483 730 1559 1731.
755 1499 787 1546 et
809 1481 947 1566 denique
970 1484 1003 1544 in
1025 1483 1111 1547 libro
1132 1483 1294 1569 descripta
1310 1502 1369 1563 est,
1392 1491 1451 1573 qui

174 1587 297 1672 prodiit
324 1584 383 1647 sub
411 1581 519 1644 titulo:
553 1582 741 1644 Reiutation
771 1581 829 1642 des
861 1599 990 1642 erreurs
1021 1579 1062 1644 de
1091 1584 1209 1646 Beuoit
1236 1586 1277 1666 de
1299 1587 1449 1668 spinosa.

174 1690 239 1750 Par
260 1689 304 1748 M.
327 1684 368 1746 de
390 1680 546 1753 Fenelon,
569 1698 627 1759 par
648 1678 679 1740 le
701 1681 737 1739 P.
760 1677 861 1750 Lami,
883 1675 1075 1742 Benedictin
1098 1693 1130 1742 et
1148 1701 1207 1764 par
1227 1682 1395 1746 Monoleur
1418 1685 1450 1746 le

176 1787 287 1847 comte
316 1777 591 1842 Boullainrillera.
641 1776 730 1839 Areo
761 1775 791 1836 la
825 1775 877 1838 vie
906 1774 948 1836 de
978 1761 1135 1857 Spinoaa,
1183 1777 1283 1842 ecrite
1315 1799 1374 1861 par
1405 1785 1450 1844 M.

175 1883 255 1946 Jean
277 1878 413 1942 Colerus
435 1871 585 1936 Ministre
606 1871 646 1934 de
668 1871 791 1954 l'dglise
813 1870 1034 1937 Lutlteridnne
1055 1873 1096 1936 de
1118 1875 1146 1937 la
1169 1877 1277 1956 llaye;
1298 1895 1449 1958 augmen-

175 1983 230 2045 te'e
260 1978 301 2040 de
329 1977 495 2053 beaucoup
525 1968 565 2032 de
588 1967 825 2050 particularitds
846 1969 947 2032 tirdes
969 1969 1062 2032 d'nne
1084 1971 1146 2036 Vis
1167 1973 1386 2054 Manuscripte
1409 1973 1452 2038 de

176 2099 214 2144 ce
236 2069 447 2152 Philosophe,
469 2068 546 2130 faite
568 2087 626 2149 par
648 2086 690 2127 un
712 2065 752 2128 de
775 2086 826 2129 ses
848 2066 947 2130 Amis.
990 2069 1171 2143 Bruxelles,
1192 2067 1272 2131 cheu
1293 2069 1451 2150 Franqois

176 2165 513 2255 Foppens.1731.ua.
535 2183 607 2247 pag.
627 2159 692 2224 150.
736 2161 800 2225 Sed
814 2163 947 2245 genuini
957 2164 1075 2242 fontes,
1098 2164 1282 2249 exquibus,
1305 2166 1453 2252 quisquis

178 2272 219 2334 de
241 2263 347 2329 nostri
368 2262 430 2326 vita
452 2263 572 2325 certior
594 2257 667 2322 sieri
688 2258 765 2332 vult,
788 2257 916 2324 haurire
939 2259 1044 2332 debet,
1068 2259 1116 2324 illi
1138 2259 1201 2322 duo
1222 2262 1351 2344 priores
1374 2265 1453 2330 libri

98 2391 101 2398 ¹
178 2378 268 2436 sunt,
298 2379 412 2440 nempe
433 2357 471 2432 ia,
496 2357 550 2441 qui
571 2361 689 2420 Lucam
711 2369 743 2417 et
764 2355 820 2440 qui
841 2356 991 2419 Colerum
1010 2357 1164 2420 authores
1185 2357 1312 2422 habent.
1341 2363 1454 2426 Coleri
1490 2422 1494 2433 ‚

177 2463 266 2526 liber
287 2457 381 2520 etiam
403 2456 444 2518 ob
467 2453 501 2516 id
519 2453 648 2516 maximi
665 2451 763 2534 pretii
782 2465 841 2526 est,
865 2456 1014 2538 quoniam
1030 2470 1151 2530 auctor,
1175 2473 1363 2542 quamquam
1381 2461 1452 2526 lon.
1498 2479 1499 2506 ;

180 2559 312 2647 gissima
335 2577 352 2618 a
373 2554 534 2634 Spinozae
551 2549 756 2636 philosophia
772 2551 912 2628 recedat,
934 2565 1028 2633 atque
1054 2550 1122 2632 ejus
1142 2551 1381 2620 inimicissimus
1399 2563 1455 2633 eit,
1498 2603 1499 2638 ,

180 2675 284 2724 tamen
297 2651 479 2716 admirabili
490 2649 597 2712 studio
608 2646 763 2719 veritatis,
779 2658 811 2710 et
821 2647 892 2712 sine
900 2649 947 2710 ira
954 2649 1059 2712 nostri
1067 2648 1165 2714 sitam
1175 2649 1339 2716 describit.
1362 2657 1453 2732 ldeo,

181 2770 215 2820 et
236 2739 525 2840 quod'rarissirnus
548 2762 609 2823 est,
637 2743 751 2809 excudi
771 2764 843 2806 eum
865 2745 1055 2822 curavimus,
1083 2747 1269 2834 pariterque
1287 2753 1382 2816 etiam
1405 2757 1454 2820 ri·

180 2867 244 2916 tam
265 2871 282 2910 a
304 2851 390 2910 Luca
412 2845 565 2926 scriptam
586 2842 763 2926 adjungere
784 2842 1011 2925 cupiverinrus,
1033 2843 1063 2906 si
1084 2858 1227 2926 potestas
1241 2845 1369 2928 suisset,
1391 2852 1454 2920 hoc

181 2949 338 3029 scriptum
360 2942 575 3014 rarissimum,
599 2941 684 3024 quod
705 2961 826 3002 summa
846 2961 920 3006 cura
943 2940 1225 3025 investigavimus,
1254 2943 1452 3015 inveniendi.

184 3048 294 3134 Quare
316 3039 431 3104 eodem
451 3035 566 3113 modo,
596 3059 660 3122 quo
682 3037 819 3108 Paulus,
847 3057 908 3100 nos
929 3039 1171 3116 extricarimus,
1200 3040 1303 3107 varias
1325 3045 1455 3112 seilicet

182 3142 360 3214 lectiones,
392 3156 471 3221 quae
499 3135 585 3199 vitae
606 3156 622 3195 a
645 3135 811 3196 Fenelone
832 3150 864 3198 et
882 3136 1111 3200 Boulainvillio
1132 3135 1238 3203 editae
1259 3138 1453 3210 intersertae

184 3251 269 3314 suut,
291 3233 426 3297 Litteris
447 3230 671 3312 ‚‚Boullainv.”
691 3230 860 3316 insignitae
875 3231 961 3296 infra
976 3233 1126 3298 notaado.
1150 3235 1227 3296 Noas
1242 3255 1313 3304 cum
1324 3241 1452 3319 Paulus,

184 3337 240 3420 qni
253 3336 338 3398 hunc
354 3331 458 3414 ipsum
471 3329 598 3402 librum,
621 3328 662 3391 de
679 3349 742 3411 quo
756 3329 901 3413 quaestio
917 3343 977 3406 est,
999 3350 1071 3393 cuna
1085 3330 1179 3396 vitae
1199 3332 1315 3396 Colero
1332 3340 1453 3422 scripta

183 3433 296 3498 sedulo
317 3427 521 3510 comparavit,
544 3446 581 3488 ea
602 3447 684 3511 quae
705 3426 927 3492 Bulsinvillius
948 3449 965 3490 a
987 3427 1105 3492 Colero
1127 3427 1256 3494 diversa
1275 3429 1382 3510 habet,
1415 3459 1455 3502 ex
1497 3421 1498 3454 ¹

184 3532 241 3594 illo
263 3528 337 3612 ipso
357 3528 463 3590 Lucae
483 3535 618 3588 tractatu
640 3523 782 3588 desumto
804 3544 879 3588 esse
900 3538 1046 3599 testetur,
1078 3523 1138 3588 hac
1157 3525 1283 3591 ratione
1304 3530 1382 3594 satia
1402 3535 1453 3598 hi.

184 3629 304 3694 storias
324 3623 430 3689 nocui
451 3620 639 3705 philosophi
660 3622 840 3685 consultum
861 3621 1055 3704 putavimus.
1497 3633 1498 3672 l

266 3726 417 3788 Ceterum
444 3719 577 3802 paginas
614 3717 767 3782 editionis
797 3718 967 3800 primariae
997 3717 1137 3802 margini
1166 3735 1297 3786 nostrae
1326 3727 1454 3793 uncinis

185 3823 322 3888 inclusae
343 3816 556 3901 adposuimus,
576 3815 742 3894 vocabula,
763 3838 781 3878 a
803 3814 918 3898 quibus
940 3814 1112 3899 incipiunt,
1143 3815 1456 3904 asteriscis[ll]no·

185 3919 299 3990 tando,
330 3930 380 3988 et,
409 3915 443 3978 id
463 3914 548 4000 quod
571 3913 690 3992 editori
717 3913 873 3976 librorum
898 3911 1079 3994 priscorum
1109 3915 1362 4000 antiquissimum
1383 3941 1455 3986 esse

186 4017 293 4108 debet,
305 4033 421 4096 nempe
432 4029 466 4076 nt
476 4017 600 4078 Textus
609 4033 703 4098 quam
712 3999 988 4076 emendatissimus
999 4011 1052 4086 ait,
1065 4011 1269 4096 quadruplici
1278 4018 1454 4083 correctio·

185 4135 227 4178 rte
250 4133 286 4177 ac
307 4131 428 4174 summo
450 4129 522 4174 cum
543 4109 650 4174 studio
674 4109 861 4184 curavimus,
883 4108 1101 4193 plurimasque
1117 4108 1258 4183 mendas,
1287 4133 1368 4197 quas
1389 4135 1455 4178 nou

185 4209 339 4285 Paulinae
351 4208 455 4273 solunt
468 4205 529 4272 sed
540 4205 823 4298 etiamuprisnariae
836 4203 973 4270 editioni
989 4208 1209 4287 irrepserant,
1232 4211 1453 4291 expunximus.

803 4301 929 4384 Scripsi
949 4299 1175 4385 stuttgardiae.

623 4431 625 4441 ·
724 4397 987 4492 Calendistliss'is
1008 4401 1257 4474 Mocccxxx,
