3014 4822
176 209 235 260 rra
629 185 828 287 Praefatio
852 185 1006 261 eurora
1130 241 1136 246 .

175 361 297 446 grapho
321 345 425 425 edidit
452 381 489 426 sc
517 363 681 448 praefatus
702 377 750 425 est
771 359 877 424 addita
897 361 1012 423 notitia
1032 359 1227 442 scriptorum
1247 361 1448 445 philosophi,

10 413 13 452 Γ
76 471 79 476 ’
175 459 428 541 Christophcrns
451 459 651 542 Theophilus
672 457 713 520 de
733 461 834 520 Murr.
863 461 974 540 flagae
1004 456 1154 520 comitum
1178 454 1263 518 18⁰².
1284 467 1348 530 4²⁰·
1370 479 1448 520 ¹¹⁰⁸·

176 575 240 642 que
258 555 353 646 etiam
376 555 451 618 huic
472 557 610 619 editioni
630 554 816 618 inserendas
837 554 1025 618 curavimus.

257 651 380 716 Gallice
408 653 494 715 hunc
523 653 641 715 lihrum
668 653 766 716 vertit
796 651 927 715 Domin.
958 650 999 712 de
1026 650 1116 712 Saint
1137 649 1232 712 Glain
1254 649 1312 711 aab
1333 651 1448 713 titulo:

174 753 220 814 La
242 747 310 812 clef
327 747 369 809 du
391 748 583 811 sanctuaire.
604 751 667 811 Par
678 771 722 810 un
737 761 868 829 sperant
888 747 1015 811 homme
1033 745 1074 806 de
1092 759 1186 808 notre
1206 745 1315 808 siecle.
1337 747 1449 828 Leyde

179 843 265 923 1678.
290 862 336 906 ta.
363 843 512 930 pagfflt.
563 843 718 925 Adjuncta
746 859 797 908 sat
823 843 933 907 versio
964 843 1076 928 gallica
1105 842 1346 907 adnotationum
1367 865 1449 929 quas

174 944 440 1017 memoravimus,
470 961 549 1025 quas
578 943 722 1024 etipsas
752 962 826 1007 cum
851 962 868 1002 a
896 940 1008 1003 rerhia
1034 941 1143 1004 latinis
1164 961 1260 1024 saepe
1281 939 1447 1014 recedant,

126 1120 128 1134 Ι
176 1039 257 1104 ideo
276 1054 311 1103 ut
332 1039 463 1104 diverso
484 1051 572 1101 textu
592 1057 667 1100 usus
688 1037 790 1100 fuisse
811 1039 984 1102 translator
1005 1039 1161 1114 videatur,
1182 1057 1223 1100 ne
1246 1037 1323 1118 quid
1346 1035 1446 1099 inter-

176 1136 272 1212 cidat,
303 1137 390 1219 quod
410 1149 527 1199 tantum
549 1135 653 1198 virum
674 1133 824 1210 adtineat,
846 1147 922 1217 post
941 1135 1055 1197 latinas
1077 1131 1192 1196 excudi
1212 1133 1404 1195 curarimus.

254 1232 388 1314 Belgica
416 1230 540 1315 prodiit
569 1244 720 1294 tractatae
749 1231 1122 1316 theologico-politicus
1154 1229 1213 1290 suh
1245 1230 1359 1291 titulo:
1395 1231 1446 1293 Dc

175 1330 396 1414 rechtsihnige
418 1329 639 1412 Theologeant
666 1327 704 1389 of
728 1327 974 1412 Godsgslserde
995 1326 1206 1400 Staatltunde,
1234 1338 1289 1406 uyt
1308 1326 1365 1388 het
1379 1329 1448 1410 μ-

174 1443 229 1510 tyn
252 1413 396 1493 vertaalt
418 1425 586 1509 Hamhurg
603 1421 687 1506 1693.
710 1433 738 1498 4.
759 1439 907 1488 vertente
926 1424 1060 1510 quodam
1071 1422 1289 1507 Glaaemalrer.
1312 1407 1446 1511 §mita

176 1525 249 1586 nice
270 1521 329 1585 suh
349 1521 413 1584 hoc
433 1522 539 1586 titulo.
577 1520 735 1583 Benedict
755 1540 818 1583 ron
840 1521 982 1604 Spinoza
999 1521 1080 1583 tiber
1094 1520 1218 1602 heiliga
1233 1511 1446 1604 Schrilltl'lai-

176 1619 338 1691 (lentham,
362 1617 466 1680 liecht
480 1617 540 1679 der
555 1616 712 1680 hochaaan
723 1618 847 1680 Gewslt
863 1618 897 1678 in
915 1617 1109 1702 geiatlichen
1120 1615 1260 1698 Diogen,
1284 1616 1446 1679 undFrei·

174 1712 558 1799 heitzuphilosophireu.
581 1713 727 1778 Ausdem
741 1713 964 1778 lateinischen.
987 1709 1446 1797 Spincza'aphilosdphischer

177 1813 340 1879 Schriften
356 1815 380 1876 l.
393 1811 496 1874 Band.
520 1811 617 1886 Gara,
643 1805 776 1884 1787.8,
804 1823 935 1872 auctore
953 1809 1076 1873 Schaela
1095 1813 1281 1872 Hermanno
1301 1807 1445 1871 Enaldo.

136 1917 138 1931 '
256 1913 361 1993 Atque
382 1905 441 1971 hos
463 1905 543 1970 duos
564 1905 666 1968 libros
688 1905 795 1986 primo
816 1903 971 1968 fasciculo
991 1907 1096 1971 nostri
1116 1905 1376 1992 libricompqui
1393 1926 1445 1990 pu.
1496 1981 1497 1988 ἵ

176 2027 270 2070 musa.
297 2006 390 2069 Alter
417 2023 455 2065 ea
486 2003 591 2066 nostri
620 2002 740 2084 scripta
768 2003 930 2072 continet,
962 2023 1042 2089 quae
1076 2000 1136 2062 ,ab
1329 2071 1357 2092 Ι
1376 1978 1445 2084 5
1496 2001 1497 2024 a

176 2107 286 2189 Opera
316 2098 483 2183 posthuma
504 2097 734 2162 Amatelcdami
765 2093 838 2176 1677
860 2099 945 2182 apud
966 2099 1038 2164 Joh.
1060 2083 1322 2186 Ilies'iesz'p'ar'¹
1360 2087 1445 2159 run't.

176 2201 285 2266 Prima
306 2217 347 2260 ex
366 2194 417 2258 his
440 2195 543 2259 ethica
563 2211 613 2259 est
640 2194 756 2258 ordine
784 2196 980 2278 geometrico
1009 2183 1240 2266 dcmcn'sfr‘aia',
1270 2190 1354 2280 puae
1375 2215 1447 2258 cum

177 2295 304 2379 belgice
331 2275 471 2375 primdm
498 2305 649 2354 anostra
671 2293 791 2376 scripta
814 2307 912 2368 esset,
942 2292 978 2353 iu
1003 2291 1134 2354 latinum
1163 2281 1306 2382 mciflpp
1328 2287 1449 2353 eodem

178 2412 274 2480 versa
292 2407 473 2452 sermonem
493 2401 552 2451 eat.
582 2388 715 2472 Belgice
734 2404 846 2472 postea
868 2409 936 2452 eam
958 2385 1093 2452 revertit
1110 2381 1325 2469 larrig‘icllii
1345 2389 1449 2448 Mam·
1488 2403 1490 2406 ·

178 2489 306 2552 nouiata
328 2484 492 2570 ediditque
520 2485 554 2547 iu
575 2487 625 2548 De
646 2487 792 2570 nagelate
813 2485 978 2551 Schriften
998 2506 1059 2548 vau
1079 2485 1118 2546 B.
1128 2485 1168 2546 D.
1182 2475 1219 2545 S:
1243 2477 1312 2570 'Ala
1341 2483 1450 2577 gede-

133 2661 134 2669 ἵ
178 2587 284 2659 kunst,
294 2579 716 2666 StaatltnndeVerhetering
730 2605 790 2649 van
806 2585 827 2647 t'
843 2585 1005 2652 Verstant,
1021 2580 1161 2645 Brieven
1176 2577 1447 2666 enhnlfsioorteu.

133 2676 134 2688 ¹
177 2684 232 2747 Uit
257 2679 450 2744 verscheide
482 2681 583 2744 Talea
612 2680 647 2740 in
673 2680 713 2744 dc
734 2677 998 2744 Nedarlsndsche
1019 2676 1184 2762 gehragt.·'
1206 2669 1371 2754 Gedruclrt
1391 2677 1449 2740 in't

178 2783 252 2845 Jaar
276 2773 363 2854 1676.
384 2783 448 2849 lto.
480 2777 672 2841 Germanice
700 2798 794 2841 versa
822 2789 872 2840 est
896 2775 999 2838 ethica
1020 2775 1059 2837 ah
1088 2775 1244 2857 anonymo
1263 2771 1447 2840 Wolfianca
1496 2833 1497 2858 ,

180 2897 252 2940 cum
282 2892 404 2936 annexa
431 2873 626 2938 refutatione
652 2872 768 2940 Wcllii
796 2873 854 2936 suh
885 2871 994 2935 titulo:
1026 2873 1147 2950 llus.
1170 2870 1367 2948 Sittenlehre
1387 2871 1447 2950 tif-¹

179 2973 327 3054 derleget
336 2989 398 3032 von
408 2967 484 3032 dem
493 2968 685 3034 tamhmtan
693 2969 906 3035 Welmiaan
914 2936 1447 3060 uuscrsrwssl‘lerpp‘ilhfiiiian

179 3067 283 3135 Wolf.
303 3068 371 3131 Aua
393 3063 465 3127 dem
479 3063 705 3130 Lstcinischen
726 3066 886 3141 iibersezt,
908 3049 1165 3129 Franltftr'rfhmd
1177 3035 1333 3146 iasipzig.
1347 3069 1445 3152 ⁸talari.

178 3163 251 3230 dvo.
268 3163 386 3228 Melius
405 3163 504 3226 vertit
520 3163 643 3227 Schaclr
654 3165 797 3226 Reman
806 3160 928 3226 Enald.
970 3141 1137 3249 applorat
1157 3143 1445 3249 philosophiicher
1496 3215 1497 3222 ,

180 3259 332 3326 Schrifen
352 3259 498 3322 ll.Baud.
539 3261 604 3322 Dic
624 3259 722 3324 Ethilr
742 3263 757 3324 l
777 3283 809 3322 u.
829 3261 869 3322 11.
883 3255 1097 3346 Theilltsserh
1121 3249 1221 3339 1'796:
1233 3243 1370 3344 tlaffsslss·
1394 3271 1412 3284 ’·
1496 3271 1497 3306 t

260 3356 427 3422 Secundus
448 3375 489 3418 ex
510 3356 664 3442 operibus
684 3354 862 3440 posthumis
884 3347 1103 3436 est'tra'ciatus
1124 3354 1286 3438 politicus.
1314 3351 1447 3416 Tertius

179 3469 332 3521 tractatus
361 3453 401 3517 de
432 3453 613 3517 intellectus
643 3453 884 3527 emendatione,
914 3453 971 3536 qui
1002 3451 1079 3515 lihri
1105 3451 1198 3516 ambo
1218 3448 1347 3533 belgice
1368 3469 1447 3530 pro·

182 3553 312 3616 dierunt
337 3551 372 3613 in
397 3551 447 3615 De
468 3551 622 3634 Nagelate
643 3549 807 3616 Schriften
833 3569 894 3613 vau
913 3550 951 3608 B.
964 3547 994 3610 d.
1003 3551 1036 3612 S.
1059 3548 1243 3632 germanice
1264 3545 1351 3610 versi
1373 3558 1449 3607 suut

185 3672 203 3712 a
223 3648 327 3714 Sahal
346 3651 532 3711 Hermanno
553 3647 695 3710 Enaldc.

263 3747 386 3843 Quamo
406 3744 547 3830 denique
566 3743 640 3808 loco
662 3741 1033 3828 epistolae'sequuntnr,
1068 3741 1205 3825 adquae
1226 3758 1326 3824 pauca
1347 3735 1448 3802 adno-

181 3859 251 3910 tare
272 3862 439 3908 necessum
464 3842 642 3906 habuimus.
690 3845 730 3919 la,
752 3842 804 3906 cui
825 3841 955 3924 priores
976 3853 1009 3901 et
1028 3838 1185 3923 plurimae
1207 3837 1333 3901 litterae
1355 3833 1449 3898 datae

181 3956 264 4017 suut,
298 3939 552 4023 Oldeuhnrgius,
580 3938 710 4003 natione
730 3937 934 4011 Bremenais,
963 3934 1138 4000 Cronnelli
1164 3947 1311 4016 tempore
1333 3930 1449 3996 circuli

182 4037 332 4103 Saxonici
350 4037 516 4102 inferioris
538 4038 660 4120 legatus
681 4035 821 4098 Londini
839 4034 955 4108 fuerat,
980 4051 1055 4095 mox
1077 4030 1240 4094 societatis
1256 4029 1367 4113 regiae
1381 4043 1449 4090 tuna

111 4137 112 4142 ’
182 4134 375 4199 constitutae
394 4137 550 4198 Aseesscr
571 4133 604 4194 e't
623 4133 817 4197 secretarius
837 4129 939 4194 factus
960 4145 1018 4194 est.
1038 4125 1189 4191 Decessit
1201 4125 1343 4191 Carltoui
1360 4119 1447 4200 167&

183 4229 294 4294 Simon
324 4231 365 4294 de
385 4229 501 4307 Vries',
532 4229 614 4294 civis
634 4225 950 4303 Amstelcdamensie,
971 4225 1138 4308 nostrique
1159 4222 1370 4286 amicissimus
1390 4219 1449 4283 illo

183 4339 243 4402 stt,
274 4325 331 4412 qui
362 4341 492 4403 nostro,
522 4339 558 4388 ut
586 4343 625 4388 cx
645 4323 721 4390 Vita
750 4323 911 4406 Spincsae
931 4344 950 4384 a
970 4321 1087 4386 Colaro
1108 4320 1228 4404 scripta
1248 4331 1355 4406 patet,
1384 4316 1447 4381 tria
1496 4303 1497 4356 l
