3014 4822
494 201 695 300 Praefatio
720 204 883 280 editoris.
1203 211 1206 216 “
1276 223 1340 274 xm

64 375 99 434 in
120 375 227 438 certis·
242 373 338 438 rebus
359 377 464 464 iisque
485 377 674 456 levioribus,
695 382 791 443 sicuti
809 381 843 441 in
858 391 992 463 quaestu
1010 375 1172 453 faciendo,
1194 375 1266 440 aliis
1279 375 1340 438 fal·

62 469 188 544 lendis,
219 469 396 536 honoribus
423 477 607 559 captandis,
639 478 776 563 aliisque
799 475 971 547 similibus,
1002 474 1218 539 astutissimus
1240 471 1340 534 sitae

63 587 214 650 magnam
234 567 382 632 exhibeat
403 571 625 654 prudentiam
661 575 695 636 in
716 575 813 637 rebus
835 587 939 638 autem
959 571 1104 633 maximis
1127 571 1235 654 iisque
1257 585 1337 652 quae
1416 601 1420 616 ·

63 664 236 748 genuinam
256 664 419 729 hominurn
442 668 638 752 dignitatem,
662 672 821 747 virtutem,
853 672 902 733 rel
935 683 970 732 ut
989 689 1061 733 com
1082 680 1195 731 nostro
1215 663 1338 748 loquar,

64 779 179 824 verum
199 761 329 826 humani
350 767 480 848 generis
501 768 579 830 utile
602 781 758 852 spectant,
780 787 844 830 non
866 787 959 831 secus
979 781 1076 852 stqus
1097 761 1204 826 infans
1225 779 1337 824 οιοοιι·

68 859 143 934 tiat3
173 857 232 921 sed
253 859 295 922 ob
317 859 368 936 id,
400 881 462 926 nec
482 864 538 948 qui
557 865 652 947 hujus
673 865 796 928 farinae
817 879 900 940 suut,
923 864 1086 947 sapientes
1108 859 1173 926 dici
1194 871 1337 943 possunt.

68 955 201 1017 Alteros
222 955 309 1040 quod
337 957 467 1035 attinet,
499 961 624 1026 scilicet
651 963 706 1048 qui
734 980 849 1042 sapere
875 974 996 1023 tantum
1028 959 1197 1034 ridentur,
1230 975 1340 1041 magns

68 1068 118 1116 est
151 1073 263 1116 eorum
293 1054 481 1136 multitudo,
514 1057 568 1141 qui
595 1075 806 1142 quaecunque
833 1057 874 1119 de
895 1058 1043 1132 virtute,
1059 1058 1150 1130 Deo,
1173 1067 1285 1118 natura
1306 1073 1344 1116 sc

67 1150 135 1213 fato
157 1172 174 1211 a
195 1148 358 1233 magistris
380 1149 594 1228 edidicerunt,
622 1153 743 1238 ubique
764 1154 974 1236 pronuntiare
1002 1153 1167 1236 pruriant3
1202 1150 1342 1236 ideoque

67 1243 230 1331 imperitis
259 1245 397 1310 immane
426 1262 577 1334 quantum
604 1268 720 1332 sapere
748 1248 938 1329 videantur3
970 1250 1029 1313 sed
1058 1248 1157 1312 iidem
1177 1246 1341 1310 nihilomi-

67 1362 129 1403 nus
152 1341 186 1402 in
208 1341 332 1425 agendo
352 1357 387 1407 ut
408 1345 510 1408 ceteri
530 1344 575 1427 ds·
590 1344 687 1427 plebe
705 1344 862 1421 homines,
885 1367 982 1411 caeco
999 1338 1152 1409 seruntur
1165 1341 1338 1408 affectuum

69 1439 204 1521 impeto.
246 1441 365 1505 Verum
397 1443 562 1506 enimvero
589 1440 704 1504 horum
734 1443 874 1505 omnium
905 1443 1026 1506 factitia
1057 1457 1117 1518 est,
1149 1465 1213 1507 non
1235 1443 1342 1509 natira

68 1538 173 1603 virtus
187 1551 220 1601 et
239 1537 407 1619 sapientis,
430 1558 490 1600 nec
511 1538 617 1602 animo
637 1537 761 1611 intimo,
783 1539 842 1603 sed
862 1541 1000 1605 cerebro
1020 1553 1140 1603 tantum
1161 1561 1198 1606 ac
1218 1559 1340 1602 memo·

68 1635 137 1698 riae
152 1631 332 1696 inhaeserat
338 1654 348 1712 3
370 1631 454 1698 unde
474 1633 519 1710 lit,
542 1648 576 1695 ut
586 1633 642 1696 ubi
659 1636 797 1718 primunt
811 1637 844 1697 in
857 1657 995 1721 pugnam
1005 1637 1201 1700 adducantur
1214 1637 1341 1699 tirones

29 1791 33 1796 .
67 1730 222 1794 videlicet
238 1731 325 1806 boni,
358 1731 638 1814 erumpstserrile
654 1731 828 1814 ingenium,
861 1747 988 1816 atquae
1006 1731 1085 1794 illita
1105 1750 1196 1797 erant
1213 1733 1339 1798 virtutis

68 1827 231 1891 lenocinia
246 1849 282 1891 ac
298 1827 376 1890 sales
392 1830 528 1912 species,
552 1827 732 1902 concidant,
754 1829 900 1915 nudaque
911 1842 1062 1912 appareat
1072 1831 1335 1921 nativatpraritss·
1360 1845 1364 1848 ’

153 1925 189 1987 Si
216 1945 310 2008 quem
329 1925 415 1987 haud
435 1926 593 1991 moverint
613 1923 693 1989 baec
713 1940 909 2010 argumenta,
930 1928 1030 2009 petits
1051 1949 1091 1990 ex
1112 1927 1222 1996 intima
1243 1926 1338 1989 animi

72 2021 202 2084 humani
220 2038 350 2088 natura:
396 2021 483 2084 aliud
504 2021 647 2085 adferam
668 2042 707 2084 ex
728 2021 798 2104 ipsa
819 2038 954 2087 sumtum
976 2024 1186 2109 experientia.
1227 2021 1337 2084 Nerui-¹

71 2139 145 2180 nem
167 2141 243 2183 sane
265 2133 452 2203 negaturum
468 2117 578 2192 credo,
602 2118 812 2200 Tragicurusn
830 2121 883 2183 uel
898 2122 1074 2204 Epicurum
1090 2141 1160 2196 eos,
1183 2119 1238 2205 qui
1256 2117 1338 2202 spud

70 2216 220 2299 antiquos
242 2231 275 2279 et
285 2215 484 2279 recentiores
494 2215 627 2276 maxima
638 2211 818 2278 floruerunt
828 2218 1027 2291 auctoritate,
1049 2213 1339 2280 obidensturahu·

70 2331 163 2373 mans
183 2314 329 2396 quaestio
350 2314 405 2388 sit,
437 2333 503 2374 non
523 2313 626 2373 solum
647 2322 748 2374 testes
768 2311 957 2394 locupletes,
980 2313 1039 2377 sed
1056 2314 1123 2377 imo
1143 2313 1268 2393 judices
1290 2310 1338 2373 in·

68 2409 264 2492 tegerrimos
286 2411 369 2472 fore.
410 2411 482 2472 Jsrn
501 2408 672 2491 perlustra,
695 2407 723 2468 si
743 2406 859 2488 placet,
889 2410 1087 2494 tragoediam
1107 2407 1125 2474 a
1143 2415 1257 2494 poeta,
1287 2409 1364 2504 quil

71 2505 248 2588 genuinum
280 2505 433 2568 humanae
465 2519 595 2569 naturae
627 2501 768 2565 habituris
803 2503 925 2585 optime
959 2507 1108 2570 versibus
1141 2505 1341 2590 expressisse

71 2600 231 2676 creditur,
259 2617 294 2664 ut
313 2625 331 2664 a
351 2601 530 2686 Sophocle,
561 2600 615 2665 rel
644 2598 699 2684 qui
729 2599 901 2682 plurimum
932 2601 1018 2664 inter
1039 2618 1169 2688 ceteros
1195 2603 1260 2668 hoc
1287 2623 1341 2686 ge·

71 2719 152 2764 nere
186 2699 320 2774 claruit,
357 2722 374 2762 a
405 2721 520 2785 magno
548 2699 605 2762 illo
640 2697 778 2782 Tragico
814 2696 995 2760 britannico
1038 2701 1271 2782 conscriptam
1310 2713 1343 2761 et

71 2809 169 2870 tenta,
192 2794 300 2872 sodes,
332 2810 454 2862 mutare
476 2796 628 2861 carminis
649 2813 788 2868 cursum,
819 2813 857 2856 ac
883 2793 935 2858 iac
955 2795 1042 2870 illos,
1072 2818 1154 2881 quos
1175 2800 1271 2879 poeta
1292 2797 1341 2858 iu-

72 2890 174 2966 duxit,
204 2891 298 2958 sliter
317 2895 420 2978 loqui,
453 2895 547 2957 aliter
567 2913 681 2978 agere,
718 2909 810 2975 quam
830 2895 925 2973 podta
947 2891 1066 2956 voluit:
1102 2895 1185 2957 eheu
1206 2907 1341 2976 qusutus

72 2989 241 3073 obstrepet
260 2991 321 3054 tibi
349 2991 499 3053 tumultus
517 2992 557 3054 ab
581 2988 740 3076 omnibus,
763 3009 898 3072 quorum
917 2988 1079 3073 integrum
1099 3003 1149 3053 est
1167 2989 1218 3054 his
1236 2990 1277 3052 de
1289 3009 1341 3052 re·

71 3086 131 3148 bus
152 3085 316 3166 judicium,
336 3085 389 3150 rel
402 3087 528 3170 potius,
551 3087 607 3170 qui
628 3084 761 3148 omnino
782 3105 857 3146 ssns
875 3097 981 3148 mente
999 3083 1138 3168 praediti
1157 3099 1252 3148 sunt:
1275 3106 1341 3148 cm-

70 3183 167 3246 nibus
195 3183 330 3260 hercula
359 3183 411 3246 hie
433 3183 611 3246 miserrima
631 3181 812 3245 temeritate
833 3199 915 3262 opus
937 3180 1089 3243 eximium
1109 3201 1269 3265 aepactae
1292 3179 1340 3242 di.

71 3281 182 3344 vinum
203 3281 402 3343 adulterasse
422 3278 597 3342 videberis.
638 3281 686 3342 Ac
714 3289 803 3338 recte
832 3275 983 3360 prolecto
1011 3275 1046 3338 hi
1067 3275 1198 3362 quidem
1218 3273 1341 3359 judica·

72 3379 168 3452 bunt,
195 3397 268 3439 nam
288 3395 494 3464 quaecunque
519 3381 665 3459 polimata
686 3391 745 3436 seu
765 3371 850 3455 epici
871 3392 928 3436 seo
948 3373 1063 3457 tragici
1084 3373 1214 3456 generis
1233 3390 1341 3436 rerum

71 3475 241 3541 veritatem
262 3487 356 3558 atque
382 3486 525 3537 naturam
553 3473 745 3557 exprimunt,
776 3468 989 3553 hominesque
1010 3468 1090 3531 tales
1110 3469 1242 3546 faciunt,
1263 3492 1339 3556 qus·

73 3572 121 3634 les
142 3583 235 3649 suut3
269 3569 398 3634 interno
424 3569 597 3633 cohaerent
618 3580 711 3651 atque
733 3564 951 3630 indissolubili
972 3563 1118 3644 rincu103
1148 3585 1210 3628 nec
1229 3566 1338 3643 cllum,

74 3689 135 3732 ceu
156 3667 341 3730 inanimali
363 3667 521 3750 perfecto,
541 3662 718 3727 membrum
740 3664 811 3725 tolli
831 3678 884 3727 aut
906 3660 1101 3746 distorqueri
1122 3676 1239 3744 potest,
1262 3665 1340 3776 quip

74 3767 296 3851 exstinguatur
315 3763 418 3829 forma
438 3763 600 3850 praeclara
621 3779 657 3822 sc
676 3759 780 3823 natira
801 3771 963 3834 venustas,
996 3771 1028 3820 et
1047 3777 1110 3840 pro
1131 3777 1272 3872 corpore
1291 3760 1339 3822 vi·

74 3864 165 3951 genti
182 3862 319 3926 cadaver
338 3860 430 3922 adsit
478 3860 545 3923 Sed
562 3857 623 3919 bac
643 3875 683 3919 ex
703 3875 740 3918 re
761 3853 943 3940 quidsliud
964 3855 1121 3948 sequitur,
1143 3855 1340 3919 saisiverunt

77 3981 150 4024 csse
171 3974 336 4032 nostrum,
363 3957 415 4021 vel
437 3956 544 4052 potius
566 3976 653 4030 eom,
685 3973 780 4038 quem
807 3948 946 4036 Spinoas
966 3951 1107 4032 praeivit
1127 3967 1258 4013 naturae
1279 3951 1352 4014 hu··

77 4079 189 4120 manae
210 4065 409 4166 conceptpm,
432 4065 464 4115 et
485 4043 721 4135 consequenter
740 4049 822 4111 falsa
843 4047 978 4111 istorum
1000 4047 1041 4108 de
1060 4047 1187 4111 humani
1210 4047 1338 4109 arbitrii

77 4155 228 4217 libertate
256 4151 388 4212 somnia.
433 4151 513 4211 Nam
541 4148 576 4210 hi
600 4150 630 4211 si
656 4161 747 4212 recte
777 4143 951 4218 sentirent,
978 4144 1079 4208 rcl'
1048 4165 1081 4208 st
1103 4143 1132 4204 is
1151 4157 1338 4224 conceptus,

79 4271 170 4336 quem
188 4245 231 4309 de
246 4245 395 4308 libertate
414 4244 542 4317 habent,
563 4265 672 4308 rerum
690 4243 857 4308 rsrttstsm
876 4240 1075 4325 adtingeret·
1096 4253 1161 4301 tuns
1173 4253 1254 4296 vero
1268 4237 1340 4298 solo

78 4347 172 4414 liberi
210 4341 356 4419 arbitrii,
395 4341 479 4428 quod
516 4339 660 4428 lingunt,
704 4361 783 4417 usu,
821 4355 1077 4426 unumquemque
1109 4327 1225 4416 quoti·
1257 4341 1338 4390 tem-
