3014 4822
504 173 704 274 Praefatio
729 173 893 251 eda'tort's.
1104 143 1106 151 ,
1291 197 1327 248 ts

144 347 237 441 Quae
257 365 330 410 cum
350 345 394 408 ita
414 346 489 419 sint,
512 345 629 431 dignus
650 367 725 411 saue
748 364 852 423 esset,
887 348 942 434 qui
967 347 1007 410 ab
1029 347 1177 412 omnihus
1198 349 1326 430 legers-

62 457 170 507 toret
191 441 277 505 iuter
298 441 438 504 omnium
460 460 571 506 manus
593 458 688 508 esset.
729 445 795 510 Sed
814 447 910 509 aliter
930 463 966 508 se
987 465 1040 508 rsa
1060 445 1168 508 habet.
1209 445 1354 542 Quam-¹

60 561 155 625 quam
176 539 263 602 euim
283 537 347 620 jam
367 537 586 603 obmutuerint
606 541 661 602 illa
677 540 850 606 furentium
869 543 1118 606 obtrectatorum
1136 539 1328 624 opprobria,

61 637 220 722 multique
240 635 376 716 jurando
397 636 431 697 iu
452 636 589 698 aliorum
612 637 718 711 rerba,
747 640 801 724 qui
823 639 937 702 melius
958 637 1000 701 de
1021 638 1161 722 Spiuoaa
1182 636 1326 718 judican-

61 749 110 798 tes
137 735 359 817 praeiverunt,
390 732 622 798 altia,rocibus
653 747 765 798 nostro
785 733 928 811 laverat,
960 752 1065 800 tamen
1093 735 1237 800 laudatur
1263 755 1328 797 ma·

64 829 127 913 gis,
148 851 240 915 quam
259 828 389 912 legitur,
412 829 576 916 magisque
597 832 630 891 in
652 851 719 902 ore,
744 851 838 916 quam
859 834 892 894 in
913 833 1057 897 menibus
1077 835 1241 899 hominum
1254 853 1327 895 ser·

63 941 159 990 satur.
201 931 270 990 Nec
291 927 423 1001 desunt,
455 925 510 1010 qui
525 927 720 1009 scriptorum
734 929 837 1011 ipsius
853 929 1024 993 lectionem
1038 932 1167 995 noxiam
1189 951 1260 993 esse
1276 927 1330 992 sel
1411 975 1413 992 .
1445 993 1454 1011 ,

63 1024 158 1086 tacite
178 1021 320 1099 credaut,
343 1027 395 1090 rel
415 1037 525 1106 aperte
541 1021 766 1106 profiteantur.
797 1023 929 1091 Scilicet
948 1027 1103 1092 seducere
1125 1049 1196 1092 eum
1218 1051 1235 1090 a
1256 1029 1328 1088 Deo

61 1119 223 1200 juveniles
251 1121 391 1194 animos,
433 1135 527 1207 atquc
564 1112 704 1187 ndmiuis
736 1123 849 1185 summi
881 1127 1093 1189 reverentiam
1124 1124 1329 1209 exstinguere

61 1217 216 1298 jactitant.
258 1219 299 1281 At
319 1217 469 1282 hercule!
495 1221 528 1294 si
547 1219 614 1281 sais
636 1219 739 1282 oculis
760 1233 904 1283 nostrum
925 1241 1134 1306 cognoscere,
1157 1235 1249 1307 quam
1270 1221 1331 1284 olt-

63 1315 182 1378 soletas
203 1313 374 1397 opiniones
396 1328 547 1398 repetere
566 1317 767 1389 maluissent,
801 1319 896 1390 aliter
916 1338 992 1382 sane
1013 1318 1202 1401 judicarent.
1250 1319 1330 1379 Nam

62 1412 118 1498 qui
140 1412 192 1477 val
212 1411 319 1474 obiter
340 1412 476 1476 ethicam
496 1413 600 1478 nostri
620 1411 808 1496 philosophi
826 1415 1043 1496 perlustravit,
1065 1435 1216 1478 summam
1237 1414 1270 1476 in
1290 1432 1330 1476 eo

63 1510 211 1593 reperiet
245 1523 340 1594 atque
372 1511 591 1572 intemeratam
625 1530 702 1596 arga
728 1513 832 1574 Deum
862 1513 1092 1585 reverentiam,
1123 1509 1330 1595 reperietque

63 1606 241 1672 clarissima
257 1604 376 1670 indicia
391 1608 489 1670 animi
505 1607 629 1670 numini
639 1608 749 1672 divino
759 1609 888 1692 penitus
905 1607 1016 1683 dediti,
1040 1609 1157 1695 quippe
1170 1608 1228 1694 qui
1243 1627 1330 1670 amo-

63 1725 132 1768 rem
151 1705 345 1788 ergaDeum
364 1701 460 1768 linem
481 1703 705 1788 philosophiae
727 1719 820 1792 atque
842 1707 998 1770 bonorum
1019 1721 1051 1771 et
1070 1707 1235 1768 maximam
1255 1705 1331 1768 hea-

64 1801 236 1864 titudiuem
266 1799 445 1882 praedicet,
476 1815 508 1866 et
535 1801 623 1886 quod
648 1805 720 1887 plus
750 1819 816 1880 est,
849 1803 891 1866 ob
914 1805 1050 1867 cundem
1072 1821 1213 1865 umorem
1232 1801 1331 1864 vitam

69 1897 296 1962 sanctissimam
323 1910 418 1982 atque
444 1921 462 1962 a
493 1913 642 1984 quaestus
669 1901 880 1986 vanitatisque
901 1899 1104 1964 omnimodae
1124 1897 1232 1962 studio
1253 1897 1331 1961 alie·
1373 1937 1376 1944 ι

68 1993 239 2068 pissimum,
261 1994 382 2079 unique
402 1993 531 2061 veritati
553 1996 687 2060 dicatam
707 1997 843 2082 degerit.
875 1997 956 2060 ttttt
976 1995 1116 2082 quidem,
1140 1995 1195 2059 ubi
1216 1994 1332 2058 summi
1357 2013 1362 2028 ·

64 2091 128 2157 riri
149 2091 269 2174 scripta
290 2091 376 2176 lego,
409 2111 538 2174 semper
558 2116 618 2158 usu
638 2093 737 2171 venit,
768 2111 803 2160 ut
820 2093 981 2178 religione
1003 2093 1136 2180 quodam
1156 2091 1330 2178 perfunde·
1384 2161 1398 2176 ,

63 2203 115 2264 tur
134 2187 272 2263 animus,
295 2203 328 2253 et
346 2189 419 2272 plus
440 2211 534 2275 quam
554 2181 651 2254 unuin
672 2213 711 2254 ex
732 2193 837 2280 aegris
857 2190 1045 2255 mortalibus

166 2283 170 2294 ’
498 2283 559 2357 isos
581 2287 639 2355 viis
659 2293 773 2373 βροτοὶ
797 2293 899 2366 leuto,

61 2381 175 2448 audire
196 2381 328 2466 videar3
362 2400 395 2450 et
415 2385 573 2472 quidquid
593 2386 712 2470 ubique
739 2384 792 2451 vel
818 2387 902 2470 apud
928 2385 1074 2472 antiquos
1101 2384 1153 2450 vel
1179 2399 1330 2449 recentes

62 2479 393 2564 praeclarissimorum
409 2483 625 2566 exemplorum
641 2483 723 2568 legi,
744 2482 778 2546 id
798 2483 852 2547 hic
871 2505 951 2548 unus
973 2484 1007 2545 in
1029 2495 1166 2545 mentem
1189 2494 1330 2555 revocat,

62 2583 294 2662 Socratemque
310 2581 345 2642 in
364 2581 426 2646 hoo
446 2579 605 2644 revixisse
627 2577 736 2654 credo,
759 2579 800 2641 ob
822 2582 959 2641 animum
980 2579 1042 2642 viri
1063 2578 1096 2639 in
1111 2577 1184 2641 Deo
1202 2577 1331 2661 penitus

62 2679 333 2764 acquiescentem,
354 2697 390 2739 ac
412 2675 626 2740 beatissimam
645 2675 806 2752 laetitiam,
828 2675 988 2761 credoque
1009 2674 1168 2740 revixisse
1186 2675 1331 2738 consula·

62 2797 134 2839 rem
147 2773 234 2836 iilam
243 2773 457 2834 Romanorum
471 2772 634 2836 homiuum
650 2772 809 2845 virtutem,
831 2772 872 2834 ob
889 2768 1114 2834 incredibilem
1134 2769 1238 2834 nostri
1251 2789 1329 2834 cou-

64 2868 226 2944 stantium,
250 2887 332 2952 quae
353 2867 516 2933 diiiicilius
538 2889 648 2934 aveto
667 2867 781 2931 abduci
796 2867 908 2950 possit,
928 2887 1023 2952 quom
1044 2866 1093 2929 sol
1111 2887 1128 2928 a
1145 2885 1240 2929 cursu
1257 2887 1327 2930 sco.

148 2965 215 3031 Sed
231 2963 373 3050 quamde
390 2984 499 3027 omnes
515 2967 662 3029 omuibus
679 2964 889 3050 temporibus,
911 2964 1005 3025 etiam
1015 2961 1239 3041 inimicissimi,
1260 2985 1328 3026 mo·

67 3083 122 3127 res
155 3060 225 3139 eius
252 3075 286 3125 ct
314 3059 477 3146 ingenium
497 3061 643 3126 admirati
663 3062 737 3137 sint,
758 3075 862 3125 mmeo
883 3058 967 3123 haud
988 3059 1116 3124 meliori
1135 3058 1197 3122 fuit
1217 3059 1328 3123 condi·

66 3159 169 3223 tione.
211 3160 320 3242 Aegre
351 3156 476 3222 scilicet
503 3159 651 3225 ferebant
676 3179 815 3243 semper,
846 3156 933 3243 quod
953 3177 1046 3220 ausus
1068 3169 1154 3220 esset
1174 3155 1267 3218 aliter
1289 3153 1329 3218 de

67 3256 131 3319 Dei
153 3270 264 3317 natura
285 3251 428 3332 iudicare
448 3277 485 3320 ac
507 3258 619 3341 vulgus
639 3255 813 3318 hominum.
860 3253 995 3318 Plurimi
1017 3253 1102 3318 enim
1122 3251 1271 3316 mortales
1293 3269 1331 3314 ac

69 3351 214 3435 theologi
240 3351 376 3438 maxime
401 3351 439 3414 ad
467 3353 621 3416 humanae
642 3365 772 3417 naturae
792 3348 1033 3414 similitudimem
1055 3371 1147 3414 suum
1168 3349 1231 3412 Dei
1241 3369 1329 3413 con·

68 3463 197 3531 ceptum
217 3447 407 3523 ediormant,
428 3467 661 3534 personamque
681 3468 757 3511 csse
778 3449 887 3513 volunt
906 3447 1003 3511 variis
1023 3447 1145 3531 ingenii
1169 3446 1329 3531 animique

69 3544 206 3616 viribus,
228 3544 400 3617 voluntate,
420 3557 538 3616 amore,
560 3544 647 3620 odio,
669 3546 845 3618 intellecto,
875 3542 1093 3628 praevidentia
1115 3544 1216 3610 icturi
1238 3543 1330 3605 simi-

68 3641 219 3723 libusque
240 3640 425 3724 praeditam.
468 3641 609 3723 Spiuoaa
633 3661 652 3704 e
673 3655 782 3705 contra
803 3641 1043 3706 universitatem
1063 3635 1172 3707 r'erum
1194 3641 1261 3706 sive
1283 3641 1330 3703 le·

70 3759 156 3824 gum,
180 3723 262 3821 quae¹
283 3737 316 3798 iu
336 3736 453 3800 mundo
474 3737 595 3820 rigent,
625 3738 843 3801 aeternitatem
864 3741 967 3802 Deum
988 3761 1061 3804 esse
1082 3736 1208 3814 statuit3
1238 3755 1332 3818 quem

68 3835 261 3899 seutentiam
281 3833 354 3907 isti,
383 3831 455 3916 quia
483 3831 721 3916 providentiam
751 3835 891 3899 ditinum
919 3851 951 3900 et
978 3837 1173 3921 singularem
1201 3831 1265 3894 Dei
1296 3832 1331 3891 in

67 3933 140 4015 pios
157 3929 305 3993 homiues
325 3947 465 3992 autorem
486 3944 579 4015 atque
601 3949 709 3994 curam
730 3953 748 3996 e
769 3932 874 3996 medio
895 3935 1012 3997 tollere
1033 3930 1188 4004 rideatur,
1210 3926 1329 3992 tristis·

69 4029 182 4091 simam
202 4047 240 4090 ac
260 4023 428 4089 uelandam
449 4043 521 4088 esse
542 4023 639 4104 ajunt.
690 4027 756 4093 Sed
776 4043 927 4113 reputent
948 4047 1065 4110 quaeso
1085 4027 1206 4101 secum,
1236 4043 1331 4108 qqam
1358 4073 1363 4100 ,

70 4123 248 4208 composito
278 4121 383 4186 auimo
408 4123 528 4188 vixerit
556 4123 712 4205 spinosa,
745 4139 778 4189 et
803 4147 896 4210 quam
928 4126 1029 4189 laetus
1060 4141 1189 4204 semper
1217 4118 1329 4194 inerit,

71 4221 193 4304 quippe
222 4219 279 4304 qui
307 4219 404 4282 animi
430 4217 582 4282 laetitiam
609 4219 730 4304 primus
756 4237 829 4304 post
857 4223 985 4286 Stoicos
1007 4237 1157 4282 summam
1178 4212 1329 4276 virtutem

72 4316 261 4400 praedicare
282 4335 375 4381 ausus
395 4315 448 4381 sit.
481 4314 520 4378 ld
539 4313 627 4402 quod
647 4337 722 4381 sane
743 4337 940 4403 nequaquam
959 4315 1035 4380 lieri
1055 4321 1197 4396 poterat,
1226 4308 1256 4370 si
1279 4327 1328 4384 ea,
