<?xml version="1.0" encoding="UTF-8"?>
<!DOCTYPE html PUBLIC "-//W3C//DTD XHTML 1.0 Transitional//EN"
    "http://www.w3.org/TR/xhtml1/DTD/xhtml1-transitional.dtd">
<html xmlns="http://www.w3.org/1999/xhtml" xml:lang="en" lang="en">
 <head>
  <title>
</title>
<meta http-equiv="Content-Type" content="text/html;charset=utf-8" />
  <meta name='ocr-system' content='tesseract 3.04.00' />
  <meta name='ocr-capabilities' content='ocr_page ocr_carea ocr_par ocr_line ocrx_word'/>
</head>
<body>
  <div class='ocr_page' id='page_1' title='image "benedictidespin00girgoog_0010.png"; bbox 0 0 3014 4822; ppageno 0'>
   <div class='ocr_carea' id='block_1_1' title="bbox 283 613 1094 790">
    <p class='ocr_par' dir='ltr' id='par_1_1' title="bbox 283 613 1094 790">
     <span class='ocr_line' id='line_1_1' title="bbox 283 613 1094 790; baseline -0.012 0"><span class='ocrx_word' id='word_1_1' title='bbox 283 691 665 790; x_wconf 81' lang='lat' dir='ltr'><strong>PRAEFATIO</strong></span> <span class='ocrx_word' id='word_1_2' title='bbox 723 613 1094 786; x_wconf 72' lang='lat' dir='ltr'><strong>EhITORIS.</strong></span> 
     </span>
    </p>
   </div>
   <div class='ocr_carea' id='block_1_2' title="bbox 8 1029 1378 3646">
    <p class='ocr_par' dir='ltr' id='par_1_2' title="bbox 56 1029 1336 2184">
     <span class='ocr_line' id='line_1_2' title="bbox 139 1029 1333 1120; baseline -0.01 -18"><span class='ocrx_word' id='word_1_3' title='bbox 139 1035 409 1120; x_wconf 67' lang='lat' dir='ltr'><strong>Philosophorum</strong></span> <span class='ocrx_word' id='word_1_4' title='bbox 432 1031 736 1106; x_wconf 73' lang='lat' dir='ltr'><strong>laudatissimom‚</strong></span> <span class='ocrx_word' id='word_1_5' title='bbox 758 1031 814 1117; x_wconf 92' lang='lat' dir='ltr'><strong>qui</strong></span> <span class='ocrx_word' id='word_1_6' title='bbox 836 1029 876 1094; x_wconf 88' lang='lat' dir='ltr'><strong>sb</strong></span> <span class='ocrx_word' id='word_1_7' title='bbox 896 1029 1132 1094; x_wconf 71' lang='lat' dir='ltr'><strong>restauratione</strong></span> <span class='ocrx_word' id='word_1_8' title='bbox 1153 1029 1333 1094; x_wconf 86' lang='lat' dir='ltr'><strong>litterarum</strong></span> 
     </span>
     <span class='ocr_line' id='line_1_3' title="bbox 56 1126 1328 1218; baseline -0.008 -19"><span class='ocrx_word' id='word_1_9' title='bbox 56 1137 97 1199; x_wconf 90' lang='lat' dir='ltr'><strong>ad</strong></span> <span class='ocrx_word' id='word_1_10' title='bbox 117 1137 268 1202; x_wconf 76' lang='lat' dir='ltr'><strong>liantium</strong></span> <span class='ocrx_word' id='word_1_11' title='bbox 288 1153 388 1218; x_wconf 86' lang='lat' dir='ltr'><strong>nsque</strong></span> <span class='ocrx_word' id='word_1_12' title='bbox 410 1131 598 1216; x_wconf 81' lang='lat' dir='ltr'><strong>riguerunt,</strong></span> <span class='ocrx_word' id='word_1_13' title='bbox 627 1149 727 1213; x_wconf 83' lang='lat' dir='ltr'><strong>opera</strong></span> <span class='ocrx_word' id='word_1_14' title='bbox 747 1128 867 1192; x_wconf 89' lang='lat' dir='ltr'><strong>selecta</strong></span> <span class='ocrx_word' id='word_1_15' title='bbox 888 1127 922 1189; x_wconf 92' lang='lat' dir='ltr'><strong>in</strong></span> <span class='ocrx_word' id='word_1_16' title='bbox 944 1127 1049 1190; x_wconf 89' lang='lat' dir='ltr'><strong>locem</strong></span> <span class='ocrx_word' id='word_1_17' title='bbox 1070 1126 1205 1202; x_wconf 83' lang='lat' dir='ltr'><strong>edituri,</strong></span> <span class='ocrx_word' id='word_1_18' title='bbox 1236 1147 1328 1190; x_wconf 86' lang='lat' dir='ltr'><strong>exea·</strong></span> 
     </span>
     <span class='ocr_line' id='line_1_4' title="bbox 57 1223 1330 1318; baseline -0.008 -22"><span class='ocrx_word' id='word_1_19' title='bbox 57 1233 183 1296; x_wconf 87' lang='lat' dir='ltr'><strong>satione</strong></span> <span class='ocrx_word' id='word_1_20' title='bbox 210 1253 271 1294; x_wconf 92' lang='lat' dir='ltr'><strong>nos</strong></span> <span class='ocrx_word' id='word_1_21' title='bbox 301 1249 503 1315; x_wconf 89' lang='lat' dir='ltr'><strong>nequaquam</strong></span> <span class='ocrx_word' id='word_1_22' title='bbox 533 1225 682 1309; x_wconf 76' lang='lat' dir='ltr'><strong>indigere</strong></span> <span class='ocrx_word' id='word_1_23' title='bbox 707 1223 909 1289; x_wconf 84' lang='lat' dir='ltr'><strong>confidimns.</strong></span> <span class='ocrx_word' id='word_1_24' title='bbox 959 1229 1040 1290; x_wconf 88' lang='lat' dir='ltr'><strong>Nam</strong></span> <span class='ocrx_word' id='word_1_25' title='bbox 1071 1226 1126 1313; x_wconf 88' lang='lat' dir='ltr'><strong>qui</strong></span> <span class='ocrx_word' id='word_1_26' title='bbox 1147 1227 1330 1318; x_wconf 86' lang='lat' dir='ltr'><strong>seculorum</strong></span> 
     </span>
     <span class='ocr_line' id='line_1_5' title="bbox 57 1321 1331 1398; baseline -0.006 -7"><span class='ocrx_word' id='word_1_27' title='bbox 57 1342 278 1393; x_wconf 87' lang='lat' dir='ltr'><strong>anteactorum</strong></span> <span class='ocrx_word' id='word_1_28' title='bbox 306 1326 423 1388; x_wconf 89' lang='lat' dir='ltr'><strong>lumina</strong></span> <span class='ocrx_word' id='word_1_29' title='bbox 453 1343 490 1386; x_wconf 83' lang='lat' dir='ltr'><strong>ac</strong></span> <span class='ocrx_word' id='word_1_30' title='bbox 520 1321 636 1384; x_wconf 83' lang='lat' dir='ltr'><strong>decore</strong></span> <span class='ocrx_word' id='word_1_31' title='bbox 666 1321 808 1398; x_wconf 84' lang='lat' dir='ltr'><strong>inerunt,</strong></span> <span class='ocrx_word' id='word_1_32' title='bbox 840 1343 950 1386; x_wconf 89' lang='lat' dir='ltr'><strong>eorum</strong></span> <span class='ocrx_word' id='word_1_33' title='bbox 979 1321 1082 1385; x_wconf 88' lang='lat' dir='ltr'><strong>libros</strong></span> <span class='ocrx_word' id='word_1_34' title='bbox 1105 1322 1200 1386; x_wconf 87' lang='lat' dir='ltr'><strong>etism</strong></span> <span class='ocrx_word' id='word_1_35' title='bbox 1220 1335 1331 1384; x_wconf 86' lang='lat' dir='ltr'><strong>nostra</strong></span> 
     </span>
     <span class='ocr_line' id='line_1_6' title="bbox 58 1407 1329 1510; baseline -0.007 -21"><span class='ocrx_word' id='word_1_36' title='bbox 58 1441 179 1502; x_wconf 85' lang='lat' dir='ltr'><strong>aetate,</strong></span> <span class='ocrx_word' id='word_1_37' title='bbox 213 1407 356 1510; x_wconf 85' lang='lat' dir='ltr'><strong>quemvis</strong></span> <span class='ocrx_word' id='word_1_38' title='bbox 381 1421 468 1484; x_wconf 89' lang='lat' dir='ltr'><strong>omni</strong></span> <span class='ocrx_word' id='word_1_39' title='bbox 493 1420 673 1482; x_wconf 84' lang='lat' dir='ltr'><strong>litterarum</strong></span> <span class='ocrx_word' id='word_1_40' title='bbox 703 1439 825 1504; x_wconf 80' lang='lat' dir='ltr'><strong>genere</strong></span> <span class='ocrx_word' id='word_1_41' title='bbox 848 1416 1089 1498; x_wconf 81' lang='lat' dir='ltr'><strong>florentissima,</strong></span> <span class='ocrx_word' id='word_1_42' title='bbox 1118 1420 1213 1483; x_wconf 87' lang='lat' dir='ltr'><strong>utiles</strong></span> <span class='ocrx_word' id='word_1_43' title='bbox 1233 1420 1329 1493; x_wconf 87' lang='lat' dir='ltr'><strong>lectu,</strong></span> 
     </span>
     <span class='ocr_line' id='line_1_7' title="bbox 58 1515 1334 1608; baseline -0.008 -22"><span class='ocrx_word' id='word_1_44' title='bbox 58 1537 154 1608; x_wconf 90' lang='lat' dir='ltr'><strong>atque</strong></span> <span class='ocrx_word' id='word_1_45' title='bbox 183 1521 327 1584; x_wconf 77' lang='lat' dir='ltr'><strong>editione</strong></span> <span class='ocrx_word' id='word_1_46' title='bbox 358 1541 457 1592; x_wconf 79' lang='lat' dir='ltr'><strong>nova,</strong></span> <span class='ocrx_word' id='word_1_47' title='bbox 487 1537 558 1580; x_wconf 87' lang='lat' dir='ltr'><strong>curn</strong></span> <span class='ocrx_word' id='word_1_48' title='bbox 582 1515 741 1580; x_wconf 72' lang='lat' dir='ltr'><strong>rarissimi</strong></span> <span class='ocrx_word' id='word_1_49' title='bbox 762 1517 837 1591; x_wconf 88' lang='lat' dir='ltr'><strong>sint,</strong></span> <span class='ocrx_word' id='word_1_50' title='bbox 860 1515 916 1602; x_wconf 87' lang='lat' dir='ltr'><strong>qui</strong></span> <span class='ocrx_word' id='word_1_51' title='bbox 936 1517 1013 1580; x_wconf 84' lang='lat' dir='ltr'><strong>olim</strong></span> <span class='ocrx_word' id='word_1_52' title='bbox 1034 1517 1243 1602; x_wconf 91' lang='lat' dir='ltr'><strong>prodierunt,</strong></span> <span class='ocrx_word' id='word_1_53' title='bbox 1274 1535 1334 1578; x_wconf 90' lang='lat' dir='ltr'><strong>nec</strong></span> 
     </span>
     <span class='ocr_line' id='line_1_8' title="bbox 56 1611 1329 1702; baseline -0.007 -20"><span class='ocrx_word' id='word_1_54' title='bbox 56 1620 184 1683; x_wconf 89' lang='lat' dir='ltr'><strong>medico</strong></span> <span class='ocrx_word' id='word_1_55' title='bbox 211 1617 320 1702; x_wconf 86' lang='lat' dir='ltr'><strong>pretio</strong></span> <span class='ocrx_word' id='word_1_56' title='bbox 351 1613 573 1698; x_wconf 80' lang='lat' dir='ltr'><strong>comparendi,</strong></span> <span class='ocrx_word' id='word_1_57' title='bbox 611 1611 727 1696; x_wconf 79' lang='lat' dir='ltr'><strong>dignor</strong></span> <span class='ocrx_word' id='word_1_58' title='bbox 758 1613 899 1697; x_wconf 78' lang='lat' dir='ltr'><strong>hobitum</strong></span> <span class='ocrx_word' id='word_1_59' title='bbox 931 1615 990 1692; x_wconf 91' lang='lat' dir='ltr'><strong>iri,</strong></span> <span class='ocrx_word' id='word_1_60' title='bbox 1025 1614 1111 1680; x_wconf 92' lang='lat' dir='ltr'><strong>haud</strong></span> <span class='ocrx_word' id='word_1_61' title='bbox 1138 1613 1329 1678; x_wconf 88' lang='lat' dir='ltr'><strong>dubitamus.</strong></span> 
     </span>
     <span class='ocr_line' id='line_1_9' title="bbox 60 1707 1336 1800; baseline -0.009 -20"><span class='ocrx_word' id='word_1_62' title='bbox 60 1717 210 1800; x_wconf 86' lang='lat' dir='ltr'><strong>Incipere</strong></span> <span class='ocrx_word' id='word_1_63' title='bbox 249 1728 352 1777; x_wconf 87' lang='lat' dir='ltr'><strong>autem</strong></span> <span class='ocrx_word' id='word_1_64' title='bbox 385 1736 403 1775; x_wconf 89' lang='lat' dir='ltr'><strong>a</strong></span> <span class='ocrx_word' id='word_1_65' title='bbox 436 1713 598 1796; x_wconf 83' lang='lat' dir='ltr'><strong>Spinoene</strong></span> <span class='ocrx_word' id='word_1_66' title='bbox 627 1709 756 1793; x_wconf 89' lang='lat' dir='ltr'><strong>scriptia</strong></span> <span class='ocrx_word' id='word_1_67' title='bbox 788 1710 994 1787; x_wconf 87' lang='lat' dir='ltr'><strong>instituimus,</strong></span> <span class='ocrx_word' id='word_1_68' title='bbox 1027 1710 1151 1795; x_wconf 83' lang='lat' dir='ltr'><strong>duplici</strong></span> <span class='ocrx_word' id='word_1_69' title='bbox 1179 1707 1336 1774; x_wconf 84' lang='lat' dir='ltr'><strong>consilio:</strong></span> 
     </span>
     <span class='ocr_line' id='line_1_10' title="bbox 58 1806 1329 1895; baseline -0.006 -21"><span class='ocrx_word' id='word_1_70' title='bbox 58 1833 185 1895; x_wconf 70' lang='lat' dir='ltr'><strong>nempe,</strong></span> <span class='ocrx_word' id='word_1_71' title='bbox 202 1825 239 1874; x_wconf 89' lang='lat' dir='ltr'><strong>ut</strong></span> <span class='ocrx_word' id='word_1_72' title='bbox 262 1833 280 1873; x_wconf 89' lang='lat' dir='ltr'><strong>a</strong></span> <span class='ocrx_word' id='word_1_73' title='bbox 310 1815 392 1874; x_wconf 80' lang='lat' dir='ltr'><strong>Jove</strong></span> <span class='ocrx_word' id='word_1_74' title='bbox 420 1831 493 1874; x_wconf 89' lang='lat' dir='ltr'><strong>cum</strong></span> <span class='ocrx_word' id='word_1_75' title='bbox 513 1807 636 1872; x_wconf 82' lang='lat' dir='ltr'><strong>Latinis</strong></span> <span class='ocrx_word' id='word_1_76' title='bbox 658 1806 856 1892; x_wconf 89' lang='lat' dir='ltr'><strong>principium</strong></span> <span class='ocrx_word' id='word_1_77' title='bbox 876 1807 1056 1890; x_wconf 84' lang='lat' dir='ltr'><strong>capiamus,</strong></span> <span class='ocrx_word' id='word_1_78' title='bbox 1085 1807 1329 1890; x_wconf 81' lang='lat' dir='ltr'><strong>principemque</strong></span> 
     </span>
     <span class='ocr_line' id='line_1_11' title="bbox 61 1903 1333 1992; baseline -0.003 -21"><span class='ocrx_word' id='word_1_79' title='bbox 61 1909 214 1971; x_wconf 86' lang='lat' dir='ltr'><strong>iaciamus</strong></span> <span class='ocrx_word' id='word_1_80' title='bbox 245 1929 317 1972; x_wconf 89' lang='lat' dir='ltr'><strong>eum</strong></span> <span class='ocrx_word' id='word_1_81' title='bbox 343 1908 467 1981; x_wconf 77' lang='lat' dir='ltr'><strong>virum,</strong></span> <span class='ocrx_word' id='word_1_82' title='bbox 503 1907 560 1992; x_wconf 92' lang='lat' dir='ltr'><strong>qui</strong></span> <span class='ocrx_word' id='word_1_83' title='bbox 579 1907 618 1969; x_wconf 88' lang='lat' dir='ltr'><strong>ab</strong></span> <span class='ocrx_word' id='word_1_84' title='bbox 640 1904 806 1978; x_wconf 84' lang='lat' dir='ltr'><strong>omnihus,</strong></span> <span class='ocrx_word' id='word_1_85' title='bbox 838 1923 972 1989; x_wconf 90' lang='lat' dir='ltr'><strong>quoram</strong></span> <span class='ocrx_word' id='word_1_86' title='bbox 993 1905 1151 1989; x_wconf 86' lang='lat' dir='ltr'><strong>integrum</strong></span> <span class='ocrx_word' id='word_1_87' title='bbox 1173 1903 1215 1966; x_wconf 91' lang='lat' dir='ltr'><strong>de</strong></span> <span class='ocrx_word' id='word_1_88' title='bbox 1236 1903 1333 1968; x_wconf 89' lang='lat' dir='ltr'><strong>rebus</strong></span> 
     </span>
     <span class='ocr_line' id='line_1_12' title="bbox 60 1999 1332 2088; baseline -0.002 -23"><span class='ocrx_word' id='word_1_89' title='bbox 60 2003 297 2088; x_wconf 76' lang='lat' dir='ltr'><strong>philosophicis</strong></span> <span class='ocrx_word' id='word_1_90' title='bbox 318 2001 559 2084; x_wconf 89' lang='lat' dir='ltr'><strong>judicium¹est,</strong></span> <span class='ocrx_word' id='word_1_91' title='bbox 580 2003 733 2087; x_wconf 87' lang='lat' dir='ltr'><strong>princeps</strong></span> <span class='ocrx_word' id='word_1_92' title='bbox 755 2003 947 2078; x_wconf 71' lang='lat' dir='ltr'><strong>aestimetur,</strong></span> <span class='ocrx_word' id='word_1_93' title='bbox 969 2016 1036 2065; x_wconf 89' lang='lat' dir='ltr'><strong>turn</strong></span> <span class='ocrx_word' id='word_1_94' title='bbox 1058 2001 1132 2088; x_wconf 89' lang='lat' dir='ltr'><strong>quia</strong></span> <span class='ocrx_word' id='word_1_95' title='bbox 1149 1999 1244 2082; x_wconf 84' lang='lat' dir='ltr'><strong>hujus</strong></span> <span class='ocrx_word' id='word_1_96' title='bbox 1259 1999 1332 2086; x_wconf 86' lang='lat' dir='ltr'><strong>phi-</strong></span> 
     </span>
     <span class='ocr_line' id='line_1_13' title="bbox 62 2087 1130 2184; baseline -0.002 -22"><span class='ocrx_word' id='word_1_97' title='bbox 62 2099 193 2182; x_wconf 86' lang='lat' dir='ltr'><strong>losophi</strong></span> <span class='ocrx_word' id='word_1_98' title='bbox 213 2101 333 2184; x_wconf 88' lang='lat' dir='ltr'><strong>scripta</strong></span> <span class='ocrx_word' id='word_1_99' title='bbox 353 2087 491 2162; x_wconf 83' lang='lat' dir='ltr'><strong>maxime</strong></span> <span class='ocrx_word' id='word_1_100' title='bbox 511 2122 529 2162; x_wconf 89' lang='lat' dir='ltr'><strong>a</strong></span> <span class='ocrx_word' id='word_1_101' title='bbox 550 2099 745 2165; x_wconf 79' lang='lat' dir='ltr'><strong>nostratibus</strong></span> <span class='ocrx_word' id='word_1_102' title='bbox 767 2099 948 2163; x_wconf 87' lang='lat' dir='ltr'><strong>desiderari</strong></span> <span class='ocrx_word' id='word_1_103' title='bbox 969 2097 1130 2163; x_wconf 86' lang='lat' dir='ltr'><strong>videntur.</strong></span> 
     </span>
    </p>

    <p class='ocr_par' dir='ltr' id='par_1_3' title="bbox 58 2194 1378 2560">
     <span class='ocr_line' id='line_1_14' title="bbox 144 2194 1331 2286; baseline 0 -28"><span class='ocrx_word' id='word_1_104' title='bbox 144 2199 217 2286; x_wconf 85' lang='lat' dir='ltr'><strong>Quo</strong></span> <span class='ocrx_word' id='word_1_105' title='bbox 240 2210 343 2259; x_wconf 87' lang='lat' dir='ltr'><strong>antem</strong></span> <span class='ocrx_word' id='word_1_106' title='bbox 362 2197 435 2260; x_wconf 87' lang='lat' dir='ltr'><strong>loco</strong></span> <span class='ocrx_word' id='word_1_107' title='bbox 455 2211 547 2260; x_wconf 89' lang='lat' dir='ltr'><strong>natus</strong></span> <span class='ocrx_word' id='word_1_108' title='bbox 568 2197 627 2274; x_wconf 89' lang='lat' dir='ltr'><strong>sit,</strong></span> <span class='ocrx_word' id='word_1_109' title='bbox 662 2197 778 2283; x_wconf 88' lang='lat' dir='ltr'><strong>quibus</strong></span> <span class='ocrx_word' id='word_1_110' title='bbox 804 2195 966 2276; x_wconf 79' lang='lat' dir='ltr'><strong>magistris</strong></span> <span class='ocrx_word' id='word_1_111' title='bbox 988 2194 1137 2284; x_wconf 76' lang='lat' dir='ltr'><strong>edoctus,</strong></span> <span class='ocrx_word' id='word_1_112' title='bbox 1170 2217 1265 2283; x_wconf 88' lang='lat' dir='ltr'><strong>quem</strong></span> <span class='ocrx_word' id='word_1_113' title='bbox 1283 2195 1331 2260; x_wconf 83' lang='lat' dir='ltr'><strong>vi-</strong></span> 
     </span>
     <span class='ocr_line' id='line_1_15' title="bbox 59 2292 1378 2382; baseline -0.001 -25"><span class='ocrx_word' id='word_1_114' title='bbox 59 2307 110 2357; x_wconf 86' lang='lat' dir='ltr'><strong>tae</strong></span> <span class='ocrx_word' id='word_1_115' title='bbox 134 2315 263 2358; x_wconf 77' lang='lat' dir='ltr'><strong>cursum</strong></span> <span class='ocrx_word' id='word_1_116' title='bbox 284 2293 441 2369; x_wconf 88' lang='lat' dir='ltr'><strong>hahuerit,</strong></span> <span class='ocrx_word' id='word_1_117' title='bbox 475 2292 560 2354; x_wconf 87' lang='lat' dir='ltr'><strong>haud</strong></span> <span class='ocrx_word' id='word_1_118' title='bbox 581 2308 650 2368; x_wconf 90' lang='lat' dir='ltr'><strong>est,</strong></span> <span class='ocrx_word' id='word_1_119' title='bbox 683 2293 770 2376; x_wconf 90' lang='lat' dir='ltr'><strong>quod</strong></span> <span class='ocrx_word' id='word_1_120' title='bbox 789 2293 843 2357; x_wconf 92' lang='lat' dir='ltr'><strong>hic</strong></span> <span class='ocrx_word' id='word_1_121' title='bbox 863 2308 1028 2358; x_wconf 80' lang='lat' dir='ltr'><strong>notemusr</strong></span> <span class='ocrx_word' id='word_1_122' title='bbox 1063 2292 1226 2377; x_wconf 86' lang='lat' dir='ltr'><strong>intelliget</strong></span> <span class='ocrx_word' id='word_1_123' title='bbox 1247 2293 1333 2356; x_wconf 90' lang='lat' dir='ltr'><strong>enim</strong></span> <span class='ocrx_word' id='word_1_124' title='bbox 1375 2369 1378 2382; x_wconf 39' lang='grc' dir='ltr'>Ι</span> 
     </span>
     <span class='ocr_line' id='line_1_16' title="bbox 59 2389 1335 2476; baseline -0.001 -22"><span class='ocrx_word' id='word_1_125' title='bbox 59 2393 167 2454; x_wconf 87' lang='lat' dir='ltr'><strong>lector</strong></span> <span class='ocrx_word' id='word_1_126' title='bbox 190 2389 372 2460; x_wconf 70' lang='lat' dir='ltr'><strong>benevolus</strong></span> <span class='ocrx_word' id='word_1_127' title='bbox 404 2411 443 2453; x_wconf 87' lang='lat' dir='ltr'><strong>ex</strong></span> <span class='ocrx_word' id='word_1_128' title='bbox 474 2389 607 2454; x_wconf 79' lang='lat' dir='ltr'><strong>annexis</strong></span> <span class='ocrx_word' id='word_1_129' title='bbox 633 2389 801 2466; x_wconf 90' lang='lat' dir='ltr'><strong>historiis,</strong></span> <span class='ocrx_word' id='word_1_130' title='bbox 836 2411 913 2476; x_wconf 86' lang='lat' dir='ltr'><strong>quas</strong></span> <span class='ocrx_word' id='word_1_131' title='bbox 940 2391 1002 2472; x_wconf 87' lang='lat' dir='ltr'><strong>jam</strong></span> <span class='ocrx_word' id='word_1_132' title='bbox 1022 2391 1114 2476; x_wconf 86' lang='lat' dir='ltr'><strong>prius</strong></span> <span class='ocrx_word' id='word_1_133' title='bbox 1136 2391 1169 2452; x_wconf 91' lang='lat' dir='ltr'><strong>in</strong></span> <span class='ocrx_word' id='word_1_134' title='bbox 1191 2389 1335 2456; x_wconf 85' lang='lat' dir='ltr'><strong>editione</strong></span> 
     </span>
     <span class='ocr_line' id='line_1_17' title="bbox 58 2485 866 2560; baseline -0.001 -10"><span class='ocrx_word' id='word_1_135' title='bbox 58 2487 194 2551; x_wconf 85' lang='lat' dir='ltr'><strong>Paulina</strong></span> <span class='ocrx_word' id='word_1_136' title='bbox 216 2487 377 2560; x_wconf 83' lang='lat' dir='ltr'><strong>collectas,</strong></span> <span class='ocrx_word' id='word_1_137' title='bbox 400 2487 517 2550; x_wconf 89' lang='lat' dir='ltr'><strong>iterum</strong></span> <span class='ocrx_word' id='word_1_138' title='bbox 539 2485 655 2550; x_wconf 84' lang='lat' dir='ltr'><strong>excudi</strong></span> <span class='ocrx_word' id='word_1_139' title='bbox 676 2485 866 2551; x_wconf 86' lang='lat' dir='ltr'><strong>curarimus.</strong></span> 
     </span>
    </p>

    <p class='ocr_par' dir='ltr' id='par_1_4' title="bbox 8 2582 1338 3646">
     <span class='ocr_line' id='line_1_18' title="bbox 142 2582 1332 2673; baseline 0.004 -27"><span class='ocrx_word' id='word_1_140' title='bbox 142 2583 180 2646; x_wconf 88' lang='lat' dir='ltr'><strong>ld</strong></span> <span class='ocrx_word' id='word_1_141' title='bbox 200 2595 305 2646; x_wconf 88' lang='lat' dir='ltr'><strong>autem</strong></span> <span class='ocrx_word' id='word_1_142' title='bbox 326 2583 472 2647; x_wconf 86' lang='lat' dir='ltr'><strong>breviter</strong></span> <span class='ocrx_word' id='word_1_143' title='bbox 494 2604 657 2668; x_wconf 84' lang='lat' dir='ltr'><strong>exponere</strong></span> <span class='ocrx_word' id='word_1_144' title='bbox 679 2582 712 2644; x_wconf 93' lang='lat' dir='ltr'><strong>in</strong></span> <span class='ocrx_word' id='word_1_145' title='bbox 733 2583 839 2648; x_wconf 88' lang='lat' dir='ltr'><strong>animo</strong></span> <span class='ocrx_word' id='word_1_146' title='bbox 862 2601 922 2664; x_wconf 89' lang='lat' dir='ltr'><strong>est,</strong></span> <span class='ocrx_word' id='word_1_147' title='bbox 955 2609 1017 2673; x_wconf 89' lang='lat' dir='ltr'><strong>quo</strong></span> <span class='ocrx_word' id='word_1_148' title='bbox 1038 2587 1144 2651; x_wconf 89' lang='lat' dir='ltr'><strong>animo</strong></span> <span class='ocrx_word' id='word_1_149' title='bbox 1165 2588 1264 2653; x_wconf 83' lang='lat' dir='ltr'><strong>velim</strong></span> <span class='ocrx_word' id='word_1_150' title='bbox 1284 2589 1332 2651; x_wconf 89' lang='lat' dir='ltr'><strong>le·</strong></span> 
     </span>
     <span class='ocr_line' id='line_1_19' title="bbox 60 2678 1333 2774; baseline 0.001 -28"><span class='ocrx_word' id='word_1_151' title='bbox 60 2697 170 2746; x_wconf 89' lang='lat' dir='ltr'><strong>ctores</strong></span> <span class='ocrx_word' id='word_1_152' title='bbox 198 2681 303 2774; x_wconf 82' lang='lat' dir='ltr'><strong>nostri</strong></span> <span class='ocrx_word' id='word_1_153' title='bbox 328 2679 518 2764; x_wconf 84' lang='lat' dir='ltr'><strong>philosophi</strong></span> <span class='ocrx_word' id='word_1_154' title='bbox 547 2679 649 2744; x_wconf 91' lang='lat' dir='ltr'><strong>libros</strong></span> <span class='ocrx_word' id='word_1_155' title='bbox 676 2678 783 2754; x_wconf 86' lang='lat' dir='ltr'><strong>adire,</strong></span> <span class='ocrx_word' id='word_1_156' title='bbox 818 2695 852 2746; x_wconf 87' lang='lat' dir='ltr'><strong>nt</strong></span> <span class='ocrx_word' id='word_1_157' title='bbox 877 2684 1000 2768; x_wconf 88' lang='lat' dir='ltr'><strong>qualem</strong></span> <span class='ocrx_word' id='word_1_158' title='bbox 1022 2685 1063 2748; x_wconf 91' lang='lat' dir='ltr'><strong>de</strong></span> <span class='ocrx_word' id='word_1_159' title='bbox 1084 2706 1125 2749; x_wconf 93' lang='lat' dir='ltr'><strong>eo</strong></span> <span class='ocrx_word' id='word_1_160' title='bbox 1146 2685 1333 2768; x_wconf 89' lang='lat' dir='ltr'><strong>praeconci-</strong></span> 
     </span>
     <span class='ocr_line' id='line_1_20' title="bbox 60 2775 1333 2866; baseline 0.002 -23"><span class='ocrx_word' id='word_1_161' title='bbox 60 2799 143 2863; x_wconf 88' lang='lat' dir='ltr'><strong>pere</strong></span> <span class='ocrx_word' id='word_1_162' title='bbox 166 2778 365 2862; x_wconf 88' lang='lat' dir='ltr'><strong>opinionem.</strong></span> <span class='ocrx_word' id='word_1_163' title='bbox 415 2775 547 2840; x_wconf 84' lang='lat' dir='ltr'><strong>Exstitit</strong></span> <span class='ocrx_word' id='word_1_164' title='bbox 567 2776 709 2860; x_wconf 84' lang='lat' dir='ltr'><strong>Spinoza</strong></span> <span class='ocrx_word' id='word_1_165' title='bbox 730 2779 858 2854; x_wconf 82' lang='lat' dir='ltr'><strong>seculo,</strong></span> <span class='ocrx_word' id='word_1_166' title='bbox 890 2803 953 2866; x_wconf 91' lang='lat' dir='ltr'><strong>quo</strong></span> <span class='ocrx_word' id='word_1_167' title='bbox 974 2780 1055 2860; x_wconf 86' lang='lat' dir='ltr'><strong>jacta</strong></span> <span class='ocrx_word' id='word_1_168' title='bbox 1076 2805 1094 2845; x_wconf 93' lang='lat' dir='ltr'><strong>a</strong></span> <span class='ocrx_word' id='word_1_169' title='bbox 1113 2781 1260 2846; x_wconf 84' lang='lat' dir='ltr'><strong>Lnthero</strong></span> <span class='ocrx_word' id='word_1_170' title='bbox 1280 2803 1333 2845; x_wconf 87' lang='lat' dir='ltr'><strong>so·</strong></span> 
     </span>
     <span class='ocr_line' id='line_1_21' title="bbox 62 2869 1333 2960; baseline 0.002 -21"><span class='ocrx_word' id='word_1_171' title='bbox 62 2876 192 2960; x_wconf 88' lang='lat' dir='ltr'><strong>ciisque</strong></span> <span class='ocrx_word' id='word_1_172' title='bbox 213 2871 338 2935; x_wconf 89' lang='lat' dir='ltr'><strong>semina</strong></span> <span class='ocrx_word' id='word_1_173' title='bbox 358 2869 421 2952; x_wconf 85' lang='lat' dir='ltr'><strong>jam</strong></span> <span class='ocrx_word' id='word_1_174' title='bbox 441 2871 692 2953; x_wconf 82' lang='lat' dir='ltr'><strong>pullulaverant,</strong></span> <span class='ocrx_word' id='word_1_175' title='bbox 720 2893 892 2960; x_wconf 85' lang='lat' dir='ltr'><strong>rerumque</strong></span> <span class='ocrx_word' id='word_1_176' title='bbox 912 2899 1015 2943; x_wconf 81' lang='lat' dir='ltr'><strong>novus</strong></span> <span class='ocrx_word' id='word_1_177' title='bbox 1038 2877 1118 2944; x_wconf 92' lang='lat' dir='ltr'><strong>ordo</strong></span> <span class='ocrx_word' id='word_1_178' title='bbox 1139 2877 1263 2960; x_wconf 86' lang='lat' dir='ltr'><strong>jamjam</strong></span> <span class='ocrx_word' id='word_1_179' title='bbox 1284 2879 1333 2944; x_wconf 84' lang='lat' dir='ltr'><strong>ei-</strong></span> 
     </span>
     <span class='ocr_line' id='line_1_22' title="bbox 61 2967 1333 3055; baseline 0.007 -23"><span class='ocrx_word' id='word_1_180' title='bbox 61 2969 240 3046; x_wconf 79' lang='lat' dir='ltr'><strong>iloruerat3</strong></span> <span class='ocrx_word' id='word_1_181' title='bbox 261 2967 383 3031; x_wconf 85' lang='lat' dir='ltr'><strong>exstitit</strong></span> <span class='ocrx_word' id='word_1_182' title='bbox 409 2967 494 3030; x_wconf 91' lang='lat' dir='ltr'><strong>inter</strong></span> <span class='ocrx_word' id='word_1_183' title='bbox 514 2969 682 3052; x_wconf 88' lang='lat' dir='ltr'><strong>populum,</strong></span> <span class='ocrx_word' id='word_1_184' title='bbox 704 2971 760 3055; x_wconf 90' lang='lat' dir='ltr'><strong>qui</strong></span> <span class='ocrx_word' id='word_1_185' title='bbox 780 2972 822 3036; x_wconf 92' lang='lat' dir='ltr'><strong>de</strong></span> <span class='ocrx_word' id='word_1_186' title='bbox 843 2975 1018 3040; x_wconf 81' lang='lat' dir='ltr'><strong>carissimis</strong></span> <span class='ocrx_word' id='word_1_187' title='bbox 1038 2977 1146 3054; x_wconf 89' lang='lat' dir='ltr'><strong>honis,</strong></span> <span class='ocrx_word' id='word_1_188' title='bbox 1168 2976 1210 3040; x_wconf 86' lang='lat' dir='ltr'><strong>de</strong></span> <span class='ocrx_word' id='word_1_189' title='bbox 1230 2978 1333 3041; x_wconf 84' lang='lat' dir='ltr'><strong>salute</strong></span> 
     </span>
     <span class='ocr_line' id='line_1_23' title="bbox 61 3063 1333 3150; baseline 0.009 -22"><span class='ocrx_word' id='word_1_190' title='bbox 61 3087 99 3129; x_wconf 87' lang='lat' dir='ltr'><strong>ac</strong></span> <span class='ocrx_word' id='word_1_191' title='bbox 120 3064 274 3128; x_wconf 87' lang='lat' dir='ltr'><strong>libertate</strong></span> <span class='ocrx_word' id='word_1_192' title='bbox 294 3079 404 3127; x_wconf 91' lang='lat' dir='ltr'><strong>contra</strong></span> <span class='ocrx_word' id='word_1_193' title='bbox 427 3063 574 3130; x_wconf 88' lang='lat' dir='ltr'><strong>inimicos</strong></span> <span class='ocrx_word' id='word_1_194' title='bbox 595 3066 728 3131; x_wconf 87' lang='lat' dir='ltr'><strong>acerbos</strong></span> <span class='ocrx_word' id='word_1_195' title='bbox 748 3083 782 3132; x_wconf 91' lang='lat' dir='ltr'><strong>et</strong></span> <span class='ocrx_word' id='word_1_196' title='bbox 801 3068 955 3137; x_wconf 87' lang='lat' dir='ltr'><strong>barbaros</strong></span> <span class='ocrx_word' id='word_1_197' title='bbox 975 3071 1191 3150; x_wconf 77' lang='lat' dir='ltr'><strong>dimicaverat,</strong></span> <span class='ocrx_word' id='word_1_198' title='bbox 1214 3075 1333 3140; x_wconf 84' lang='lat' dir='ltr'><strong>rictor-</strong></span> 
     </span>
     <span class='ocr_line' id='line_1_24' title="bbox 8 3160 1335 3257; baseline 0.01 -33"><span class='ocrx_word' id='word_1_199' title='bbox 8 3179 9 3182; x_wconf 73' lang='grc'>’</span> <span class='ocrx_word' id='word_1_200' title='bbox 64 3185 126 3249; x_wconf 90' lang='lat' dir='ltr'><strong>que</strong></span> <span class='ocrx_word' id='word_1_201' title='bbox 163 3160 289 3226; x_wconf 88' lang='lat' dir='ltr'><strong>tandem</strong></span> <span class='ocrx_word' id='word_1_202' title='bbox 324 3183 363 3225; x_wconf 86' lang='lat' dir='ltr'><strong>ex</strong></span> <span class='ocrx_word' id='word_1_203' title='bbox 393 3160 543 3226; x_wconf 89' lang='lat' dir='ltr'><strong>diuturno</strong></span> <span class='ocrx_word' id='word_1_204' title='bbox 575 3166 751 3231; x_wconf 84' lang='lat' dir='ltr'><strong>certamine</strong></span> <span class='ocrx_word' id='word_1_205' title='bbox 781 3165 920 3256; x_wconf 73' lang='lat' dir='ltr'><strong>prodiit:</strong></span> <span class='ocrx_word' id='word_1_206' title='bbox 953 3184 985 3233; x_wconf 87' lang='lat' dir='ltr'><strong>at</strong></span> <span class='ocrx_word' id='word_1_207' title='bbox 1013 3171 1128 3257; x_wconf 84' lang='lat' dir='ltr'><strong>ingens</strong></span> <span class='ocrx_word' id='word_1_208' title='bbox 1159 3172 1335 3237; x_wconf 87' lang='lat' dir='ltr'><strong>animorum</strong></span> 
     </span>
     <span class='ocr_line' id='line_1_25' title="bbox 63 3258 1336 3355; baseline 0.009 -33"><span class='ocrx_word' id='word_1_209' title='bbox 63 3259 224 3344; x_wconf 84' lang='lat' dir='ltr'><strong>agitatio,</strong></span> <span class='ocrx_word' id='word_1_210' title='bbox 245 3259 316 3324; x_wconf 88' lang='lat' dir='ltr'><strong>eine</strong></span> <span class='ocrx_word' id='word_1_211' title='bbox 348 3281 408 3346; x_wconf 88' lang='lat' dir='ltr'><strong>qna</strong></span> <span class='ocrx_word' id='word_1_212' title='bbox 435 3258 515 3322; x_wconf 90' lang='lat' dir='ltr'><strong>haec</strong></span> <span class='ocrx_word' id='word_1_213' title='bbox 544 3261 651 3324; x_wconf 88' lang='lat' dir='ltr'><strong>omnia</strong></span> <span class='ocrx_word' id='word_1_214' title='bbox 677 3283 873 3350; x_wconf 87' lang='lat' dir='ltr'><strong>nequaquam</strong></span> <span class='ocrx_word' id='word_1_215' title='bbox 894 3263 967 3328; x_wconf 85' lang='lat' dir='ltr'><strong>fieri</strong></span> <span class='ocrx_word' id='word_1_216' title='bbox 994 3279 1160 3350; x_wconf 86' lang='lat' dir='ltr'><strong>poterant,</strong></span> <span class='ocrx_word' id='word_1_217' title='bbox 1193 3271 1336 3355; x_wconf 57' lang='lat' dir='ltr'><strong>meraris</strong></span> 
     </span>
     <span class='ocr_line' id='line_1_26' title="bbox 63 3354 1335 3447; baseline 0.009 -29"><span class='ocrx_word' id='word_1_218' title='bbox 63 3356 103 3418; x_wconf 91' lang='lat' dir='ltr'><strong>ad</strong></span> <span class='ocrx_word' id='word_1_219' title='bbox 127 3354 333 3438; x_wconf 85' lang='lat' dir='ltr'><strong>expellendas</strong></span> <span class='ocrx_word' id='word_1_220' title='bbox 355 3355 503 3441; x_wconf 80' lang='lat' dir='ltr'><strong>antiquos¹</strong></span> <span class='ocrx_word' id='word_1_221' title='bbox 524 3359 783 3441; x_wconf 85' lang='lat' dir='ltr'><strong>superstitiones,</strong></span> <span class='ocrx_word' id='word_1_222' title='bbox 814 3375 1001 3447; x_wconf 86' lang='lat' dir='ltr'><strong>mentesque</strong></span> <span class='ocrx_word' id='word_1_223' title='bbox 1022 3361 1175 3428; x_wconf 84' lang='lat' dir='ltr'><strong>humanas</strong></span> <span class='ocrx_word' id='word_1_224' title='bbox 1195 3367 1335 3432; x_wconf 84' lang='lat' dir='ltr'><strong>vinculis</strong></span> 
     </span>
     <span class='ocr_line' id='line_1_27' title="bbox 61 3452 1335 3549; baseline 0.012 -35"><span class='ocrx_word' id='word_1_225' title='bbox 61 3453 212 3536; x_wconf 87' lang='lat' dir='ltr'><strong>pristinis</strong></span> <span class='ocrx_word' id='word_1_226' title='bbox 244 3452 453 3517; x_wconf 83' lang='lat' dir='ltr'><strong>exsolvendas</strong></span> <span class='ocrx_word' id='word_1_227' title='bbox 483 3454 656 3538; x_wconf 88' lang='lat' dir='ltr'><strong>plurimum</strong></span> <span class='ocrx_word' id='word_1_228' title='bbox 685 3457 823 3533; x_wconf 83' lang='lat' dir='ltr'><strong>valeret,</strong></span> <span class='ocrx_word' id='word_1_229' title='bbox 855 3458 891 3521; x_wconf 92' lang='lat' dir='ltr'><strong>id</strong></span> <span class='ocrx_word' id='word_1_230' title='bbox 923 3459 1009 3546; x_wconf 89' lang='lat' dir='ltr'><strong>quod</strong></span> <span class='ocrx_word' id='word_1_231' title='bbox 1035 3461 1088 3529; x_wconf 81' lang='lat' dir='ltr'><strong>rot</strong></span> <span class='ocrx_word' id='word_1_232' title='bbox 1115 3462 1192 3526; x_wconf 90' lang='lat' dir='ltr'><strong>inde</strong></span> <span class='ocrx_word' id='word_1_233' title='bbox 1213 3465 1335 3549; x_wconf 86' lang='lat' dir='ltr'><strong>optime</strong></span> 
     </span>
     <span class='ocr_line' id='line_1_28' title="bbox 62 3547 1338 3646; baseline 0.009 -34"><span class='ocrx_word' id='word_1_234' title='bbox 62 3547 197 3620; x_wconf 81' lang='lat' dir='ltr'><strong>rideris,</strong></span> <span class='ocrx_word' id='word_1_235' title='bbox 216 3549 304 3633; x_wconf 86' lang='lat' dir='ltr'><strong>quod</strong></span> <span class='ocrx_word' id='word_1_236' title='bbox 323 3547 386 3613; x_wconf 91' lang='lat' dir='ltr'><strong>hoc</strong></span> <span class='ocrx_word' id='word_1_237' title='bbox 407 3551 479 3632; x_wconf 89' lang='lat' dir='ltr'><strong>ipso</strong></span> <span class='ocrx_word' id='word_1_238' title='bbox 497 3553 607 3615; x_wconf 89' lang='lat' dir='ltr'><strong>seculo</strong></span> <span class='ocrx_word' id='word_1_239' title='bbox 625 3555 737 3618; x_wconf 87' lang='lat' dir='ltr'><strong>summi</strong></span> <span class='ocrx_word' id='word_1_240' title='bbox 752 3555 951 3641; x_wconf 88' lang='lat' dir='ltr'><strong>philosophi,</strong></span> <span class='ocrx_word' id='word_1_241' title='bbox 965 3557 1051 3640; x_wconf 82' lang='lat' dir='ltr'><strong>inter</strong></span> <span class='ocrx_word' id='word_1_242' title='bbox 1065 3560 1288 3646; x_wconf 77' lang='lat' dir='ltr'><strong>AnglosBaco</strong></span> <span class='ocrx_word' id='word_1_243' title='bbox 1303 3574 1338 3624; x_wconf 85' lang='lat' dir='ltr'><strong>et</strong></span> 
     </span>
    </p>
   </div>
   <div class='ocr_carea' id='block_1_3' title="bbox 61 3643 1459 3740">
    <p class='ocr_par' dir='ltr' id='par_1_5' title="bbox 61 3643 1459 3740">
     <span class='ocr_line' id='line_1_29' title="bbox 61 3643 1459 3740; baseline 0.011 -32"><span class='ocrx_word' id='word_1_244' title='bbox 61 3645 214 3720; x_wconf 76' lang='lat' dir='ltr'><strong>Laelius,</strong></span> <span class='ocrx_word' id='word_1_245' title='bbox 237 3646 326 3708; x_wconf 78' lang='lat' dir='ltr'><strong>inter¹</strong></span> <span class='ocrx_word' id='word_1_246' title='bbox 344 3645 640 3725; x_wconf 87' lang='lat' dir='ltr'><strong>GallosCartesius‚</strong></span> <span class='ocrx_word' id='word_1_247' title='bbox 661 3650 747 3714; x_wconf 89' lang='lat' dir='ltr'><strong>inter</strong></span> <span class='ocrx_word' id='word_1_248' title='bbox 767 3656 905 3718; x_wconf 84' lang='lat' dir='ltr'><strong>Batavos</strong></span> <span class='ocrx_word' id='word_1_249' title='bbox 926 3667 1036 3718; x_wconf 87' lang='lat' dir='ltr'><strong>noster</strong></span> <span class='ocrx_word' id='word_1_250' title='bbox 1057 3656 1267 3740; x_wconf 78' lang='lat' dir='ltr'><strong>prodierunt:</strong></span> <span class='ocrx_word' id='word_1_251' title='bbox 1288 3673 1335 3722; x_wconf 86' lang='lat' dir='ltr'><strong>tu·</strong></span> <span class='ocrx_word' id='word_1_252' title='bbox 1455 3643 1459 3650; x_wconf 35' lang='lat'>⁸</span> 
     </span>
    </p>
   </div>
   <div class='ocr_carea' id='block_1_4' title="bbox 55 3742 1339 4416">
    <p class='ocr_par' dir='ltr' id='par_1_6' title="bbox 55 3742 1339 4416">
     <span class='ocr_line' id='line_1_30' title="bbox 62 3742 1337 3838; baseline 0.013 -34"><span class='ocrx_word' id='word_1_253' title='bbox 62 3763 136 3806; x_wconf 87' lang='lat' dir='ltr'><strong>rnen</strong></span> <span class='ocrx_word' id='word_1_254' title='bbox 159 3743 195 3820; x_wconf 93' lang='lat' dir='ltr'><strong>ii,</strong></span> <span class='ocrx_word' id='word_1_255' title='bbox 218 3742 273 3828; x_wconf 90' lang='lat' dir='ltr'><strong>qui</strong></span> <span class='ocrx_word' id='word_1_256' title='bbox 293 3757 360 3804; x_wconf 90' lang='lat' dir='ltr'><strong>tum</strong></span> <span class='ocrx_word' id='word_1_257' title='bbox 380 3742 485 3806; x_wconf 88' lang='lat' dir='ltr'><strong>libere</strong></span> <span class='ocrx_word' id='word_1_258' title='bbox 507 3745 702 3830; x_wconf 89' lang='lat' dir='ltr'><strong>cogitatione</strong></span> <span class='ocrx_word' id='word_1_259' title='bbox 722 3747 770 3812; x_wconf 85' lang='lat' dir='ltr'><strong>uti</strong></span> <span class='ocrx_word' id='word_1_260' title='bbox 790 3750 956 3828; x_wconf 88' lang='lat' dir='ltr'><strong>audebant,</strong></span> <span class='ocrx_word' id='word_1_261' title='bbox 977 3752 1063 3817; x_wconf 83' lang='lat' dir='ltr'><strong>hand</strong></span> <span class='ocrx_word' id='word_1_262' title='bbox 1086 3755 1225 3838; x_wconf 82' lang='lat' dir='ltr'><strong>optanda</strong></span> <span class='ocrx_word' id='word_1_263' title='bbox 1247 3771 1337 3820; x_wconf 89' lang='lat' dir='ltr'><strong>erant</strong></span> 
     </span>
     <span class='ocr_line' id='line_1_31' title="bbox 55 3837 1337 3929; baseline 0.012 -29"><span class='ocrx_word' id='word_1_264' title='bbox 55 3838 262 3902; x_wconf 84' lang='lat' dir='ltr'><strong>conditione.</strong></span> <span class='ocrx_word' id='word_1_265' title='bbox 310 3837 405 3921; x_wconf 82' lang='lat' dir='ltr'><strong>Apud</strong></span> <span class='ocrx_word' id='word_1_266' title='bbox 434 3839 605 3929; x_wconf 90' lang='lat' dir='ltr'><strong>theologos</strong></span> <span class='ocrx_word' id='word_1_267' title='bbox 640 3846 726 3911; x_wconf 88' lang='lat' dir='ltr'><strong>enim</strong></span> <span class='ocrx_word' id='word_1_268' title='bbox 754 3845 929 3910; x_wconf 87' lang='lat' dir='ltr'><strong>adhucdum</strong></span> <span class='ocrx_word' id='word_1_269' title='bbox 961 3863 994 3912; x_wconf 91' lang='lat' dir='ltr'><strong>et</strong></span> <span class='ocrx_word' id='word_1_270' title='bbox 1022 3850 1072 3913; x_wconf 87' lang='lat' dir='ltr'><strong>rei</strong></span> <span class='ocrx_word' id='word_1_271' title='bbox 1098 3852 1276 3922; x_wconf 84' lang='lat' dir='ltr'><strong>litterariae</strong></span> <span class='ocrx_word' id='word_1_272' title='bbox 1302 3866 1337 3916; x_wconf 91' lang='lat' dir='ltr'><strong>et</strong></span> 
     </span>
     <span class='ocr_line' id='line_1_32' title="bbox 65 3935 1338 4034; baseline 0.011 -38"><span class='ocrx_word' id='word_1_273' title='bbox 65 3935 265 4020; x_wconf 86' lang='lat' dir='ltr'><strong>reipublicae</strong></span> <span class='ocrx_word' id='word_1_274' title='bbox 295 3955 398 4018; x_wconf 89' lang='lat' dir='ltr'><strong>paene</strong></span> <span class='ocrx_word' id='word_1_275' title='bbox 429 3937 600 4022; x_wconf 89' lang='lat' dir='ltr'><strong>imperinm</strong></span> <span class='ocrx_word' id='word_1_276' title='bbox 630 3957 714 4018; x_wconf 89' lang='lat' dir='ltr'><strong>erat,</strong></span> <span class='ocrx_word' id='word_1_277' title='bbox 747 3962 807 4006; x_wconf 90' lang='lat' dir='ltr'><strong>nec</strong></span> <span class='ocrx_word' id='word_1_278' title='bbox 836 3945 918 4007; x_wconf 92' lang='lat' dir='ltr'><strong>ultra</strong></span> <span class='ocrx_word' id='word_1_279' title='bbox 948 3937 1127 4027; x_wconf 88' lang='lat' dir='ltr'><strong>terminos,</strong></span> <span class='ocrx_word' id='word_1_280' title='bbox 1157 3969 1240 4034; x_wconf 87' lang='lat' dir='ltr'><strong>quoa</strong></span> <span class='ocrx_word' id='word_1_281' title='bbox 1272 3945 1338 4032; x_wconf 82' lang='lat' dir='ltr'><strong>ipsi</strong></span> 
     </span>
     <span class='ocr_line' id='line_1_33' title="bbox 66 4031 1338 4132; baseline 0.01 -40"><span class='ocrx_word' id='word_1_282' title='bbox 66 4031 363 4115; x_wconf 82' lang='lat' dir='ltr'><strong>praescripserant,</strong></span> <span class='ocrx_word' id='word_1_283' title='bbox 391 4034 516 4098; x_wconf 87' lang='lat' dir='ltr'><strong>animos</strong></span> <span class='ocrx_word' id='word_1_284' title='bbox 542 4036 699 4102; x_wconf 87' lang='lat' dir='ltr'><strong>humanos</strong></span> <span class='ocrx_word' id='word_1_285' title='bbox 719 4039 875 4124; x_wconf 87' lang='lat' dir='ltr'><strong>progredi</strong></span> <span class='ocrx_word' id='word_1_286' title='bbox 895 4043 1055 4108; x_wconf 80' lang='lat' dir='ltr'><strong>volebant.</strong></span> <span class='ocrx_word' id='word_1_287' title='bbox 1096 4045 1240 4132; x_wconf 87' lang='lat' dir='ltr'><strong>Ideoque</strong></span> <span class='ocrx_word' id='word_1_288' title='bbox 1262 4044 1338 4126; x_wconf 81' lang='lat' dir='ltr'><strong>spi.</strong></span> 
     </span>
     <span class='ocr_line' id='line_1_34' title="bbox 65 4129 1339 4224; baseline 0.01 -35"><span class='ocrx_word' id='word_1_289' title='bbox 65 4149 145 4192; x_wconf 81' lang='lat' dir='ltr'><strong>nona</strong></span> <span class='ocrx_word' id='word_1_290' title='bbox 166 4145 231 4194; x_wconf 86' lang='lat' dir='ltr'><strong>tuns</strong></span> <span class='ocrx_word' id='word_1_291' title='bbox 252 4129 344 4204; x_wconf 74' lang='lat' dir='ltr'><strong>virus</strong></span> <span class='ocrx_word' id='word_1_292' title='bbox 365 4150 487 4193; x_wconf 89' lang='lat' dir='ltr'><strong>summa</strong></span> <span class='ocrx_word' id='word_1_293' title='bbox 507 4131 627 4224; x_wconf 73' lang='lat' dir='ltr'><strong>invidie</strong></span> <span class='ocrx_word' id='word_1_294' title='bbox 648 4149 742 4220; x_wconf 89' lang='lat' dir='ltr'><strong>atque</strong></span> <span class='ocrx_word' id='word_1_295' title='bbox 766 4135 842 4201; x_wconf 89' lang='lat' dir='ltr'><strong>odio</strong></span> <span class='ocrx_word' id='word_1_296' title='bbox 866 4135 1000 4219; x_wconf 89' lang='lat' dir='ltr'><strong>jactatus</strong></span> <span class='ocrx_word' id='word_1_297' title='bbox 1021 4134 1092 4218; x_wconf 83' lang='lat' dir='ltr'><strong>init,</strong></span> <span class='ocrx_word' id='word_1_298' title='bbox 1114 4159 1176 4204; x_wconf 88' lang='lat' dir='ltr'><strong>nec</strong></span> <span class='ocrx_word' id='word_1_299' title='bbox 1196 4139 1232 4200; x_wconf 93' lang='lat' dir='ltr'><strong>in</strong></span> <span class='ocrx_word' id='word_1_300' title='bbox 1251 4161 1339 4204; x_wconf 88' lang='lat' dir='ltr'><strong>mor-</strong></span> 
     </span>
     <span class='ocr_line' id='line_1_35' title="bbox 64 4226 1337 4322; baseline 0.005 -34"><span class='ocrx_word' id='word_1_301' title='bbox 64 4239 117 4289; x_wconf 88' lang='lat' dir='ltr'><strong>tuo</strong></span> <span class='ocrx_word' id='word_1_302' title='bbox 138 4226 225 4291; x_wconf 84' lang='lat' dir='ltr'><strong>livor</strong></span> <span class='ocrx_word' id='word_1_303' title='bbox 245 4241 278 4290; x_wconf 91' lang='lat' dir='ltr'><strong>et</strong></span> <span class='ocrx_word' id='word_1_304' title='bbox 299 4227 488 4310; x_wconf 85' lang='lat' dir='ltr'><strong>superstitio</strong></span> <span class='ocrx_word' id='word_1_305' title='bbox 505 4231 593 4313; x_wconf 89' lang='lat' dir='ltr'><strong>pasci</strong></span> <span class='ocrx_word' id='word_1_306' title='bbox 613 4229 721 4302; x_wconf 68' lang='lat' dir='ltr'><strong>desiit.</strong></span> <span class='ocrx_word' id='word_1_307' title='bbox 752 4233 800 4296; x_wconf 84' lang='lat' dir='ltr'><strong>dc</strong></span> <span class='ocrx_word' id='word_1_308' title='bbox 814 4235 932 4300; x_wconf 86' lang='lat' dir='ltr'><strong>multoe</strong></span> <span class='ocrx_word' id='word_1_309' title='bbox 948 4259 1010 4322; x_wconf 90' lang='lat' dir='ltr'><strong>per</strong></span> <span class='ocrx_word' id='word_1_310' title='bbox 1028 4257 1129 4302; x_wconf 90' lang='lat' dir='ltr'><strong>annos</strong></span> <span class='ocrx_word' id='word_1_311' title='bbox 1154 4231 1250 4314; x_wconf 84' lang='lat' dir='ltr'><strong>hujus</strong></span> <span class='ocrx_word' id='word_1_312' title='bbox 1272 4235 1337 4302; x_wconf 83' lang='lat' dir='ltr'><strong>viri</strong></span> 
     </span>
     <span class='ocr_line' id='line_1_36' title="bbox 66 4325 1336 4416; baseline 0.006 -34"><span class='ocrx_word' id='word_1_313' title='bbox 66 4341 183 4388; x_wconf 91' lang='lat' dir='ltr'><strong>nomen</strong></span> <span class='ocrx_word' id='word_1_314' title='bbox 210 4345 272 4408; x_wconf 87' lang='lat' dir='ltr'><strong>pro</strong></span> <span class='ocrx_word' id='word_1_315' title='bbox 302 4325 540 4393; x_wconf 86' lang='lat' dir='ltr'><strong>abominatione</strong></span> <span class='ocrx_word' id='word_1_316' title='bbox 566 4345 645 4407; x_wconf 83' lang='lat' dir='ltr'><strong>erat,</strong></span> <span class='ocrx_word' id='word_1_317' title='bbox 681 4329 877 4416; x_wconf 89' lang='lat' dir='ltr'><strong>summisque</strong></span> <span class='ocrx_word' id='word_1_318' title='bbox 898 4334 1054 4401; x_wconf 84' lang='lat' dir='ltr'><strong>conviciis</strong></span> <span class='ocrx_word' id='word_1_319' title='bbox 1074 4331 1224 4397; x_wconf 87' lang='lat' dir='ltr'><strong>ohrntum</strong></span> <span class='ocrx_word' id='word_1_320' title='bbox 1246 4343 1279 4394; x_wconf 94' lang='lat' dir='ltr'><strong>et</strong></span> <span class='ocrx_word' id='word_1_321' title='bbox 1297 4329 1336 4392; x_wconf 86' lang='lat' dir='ltr'><strong>ab</strong></span> 
     </span>
    </p>
   </div>
   <div class='ocr_carea' id='block_1_5' title="bbox 0 0 1525 4822">
    <p class='ocr_par' dir='ltr' id='par_1_7' title="bbox 0 0 1525 4822">
     <span class='ocr_line' id='line_1_37' title="bbox 0 0 1525 4822; baseline 0 0"><span class='ocrx_word' id='word_1_322' title='bbox 0 0 1525 4822; x_wconf 95' lang='lat' dir='ltr'><strong> </strong></span> 
     </span>
    </p>
   </div>
  </div>
 </body>
</html>
