3014 4822
156 153 195 204 n
595 143 987 243 requiam

161 308 247 392 omni
269 309 427 377 bonorum
450 317 683 394 aestimatione,
706 321 762 404 qui
780 321 882 406 qualis
895 319 1006 394 inerit,
1029 315 1227 403 ignorabant,
1250 319 1431 398 exclusum3

159 424 221 486 pro
243 407 350 504 Atheo
381 411 467 476 enim
495 428 528 477 et
547 414 679 478 homine
700 416 935 482 nefandissimo
955 415 1142 482 habebatur.
1184 413 1355 498 Sexaginta
1376 415 1434 478 de-

158 521 245 565 mum
276 507 368 570 annis
398 507 535 585 abhinc,
568 514 711 594 primae,
747 535 827 600 qnae
854 513 1049 597 palinodiam
1077 509 1279 592 injustissimi
1309 515 1434 574 erroris

157 618 323 683 saperent,
359 627 455 671 voces
477 628 617 690 sparsae,
640 631 712 675 mox
735 627 845 677 arene
867 623 1055 685 creverunt,
1087 610 1131 672 ita
1159 622 1195 672 ut
1219 610 1280 671 hac
1307 610 1435 673 tandem

156 711 259 763 aetate
277 701 504 769 nobilissimas
519 707 610 770 arnt
632 708 665 772 in
686 708 833 792 patriam,
856 705 941 779 lma
962 706 1158 792 &hicque
1175 707 1318 774 honores
1337 704 1435 768 resti·

156 793 203 853 tui
225 799 378 882 potuerit.
420 803 515 876 Nam,
545 805 648 889 qualia
677 825 791 869 revera
817 805 896 880 fuit,
927 803 1000 868 talis
1027 803 1176 885 jamnunc
1210 803 1305 869 etiarn
1330 802 1434 866 bomi-

156 909 233 958 num
264 893 385 976 jndicio
414 913 481 973 est,
511 901 565 964 vir
585 899 721 972 scilicet,
741 899 1025 985 pbilosophorum,
1057 901 1114 986 qni
1135 900 1255 984 ubique
1276 915 1435 964 terrarum

162 1009 194 1058 et
213 993 378 1060 nationum
399 991 592 1074 floruerunt,
614 999 644 1060 si
665 1018 730 1060 non
750 998 916 1082 princeps,
939 1011 1046 1062 tamen
1067 997 1146 1058 nulli
1168 996 1341 1071 secundus,
1369 1015 1436 1058 non

160 1091 267 1176 gentis
292 1091 442 1169 batavae,
476 1096 561 1159 inter
593 1115 686 1180 quum
706 1091 798 1170 vixit,
827 1094 1107 1167 neclusitanieae,
1130 1115 1170 1156 ex
1191 1115 1252 1178 qua
1274 1095 1436 1176 originem

161 1181 262 1264 duxit,
284 1187 343 1252 sed
364 1189 496 1256 hnmani
518 1193 650 1278 generis
672 1189 780 1254 tecua.
803 1195 871 1256 Nec
886 1192 943 1255 bas
961 1183 1071 1254 laudes
1088 1191 1187 1262 verbs
1203 1211 1278 1254 esse
1293 1189 1437 1270 indices3

116 1350 122 1356 ,
161 1300 298 1377 possunt
320 1286 407 1350 enim
430 1287 729 1374 probatissimorum
751 1286 894 1352 virorum
915 1289 1118 1366 anctoritate,
1147 1303 1179 1354 et
1199 1309 1236 1351 re
1257 1289 1328 1373 ipsa
1349 1309 1438 1354 eom·

160 1383 304 1468 probari.
347 1387 426 1466 Num
457 1384 486 1448 si
515 1401 568 1450 aut
595 1386 693 1450 ritem
725 1404 898 1468 moresque
923 1389 1129 1470 respexeris,
1159 1406 1336 1470 eorumque
1366 1407 1438 1450 curo

160 1479 380 1567 philosophia,
403 1501 497 1566 quam
518 1481 638 1560 docuit,
661 1479 915 1546 consonantiam:
937 1483 1010 1568 quis
1032 1498 1148 1550 nostro
1170 1483 1311 1550 sanctior
1332 1497 1364 1546 et
1386 1483 1440 1546 in-

162 1577 288 1666 tegrior
308 1577 388 1655 fuit,
419 1580 491 1666 quis
520 1575 561 1644 aii
588 1573 721 1644 avaritia
742 1597 906 1662 vanaeque
928 1579 1051 1663 glorias
1073 1604 1110 1648 ac
1130 1583 1297 1646 titulorum
1319 1580 1438 1654 scutilo,

163 1691 196 1742 et
224 1677 407 1742 omnimoda
437 1676 595 1752 vanitate,
628 1692 721 1764 qnam
750 1675 826 1742 novi
856 1675 1009 1742 Graeculi
1030 1677 1090 1744 sub
1110 1678 1245 1776 palliolo
1266 1692 1439 1761 serpentes

163 1773 375 1863 cupidissime
396 1789 502 1852 avent,
524 1787 637 1838 nostro
658 1773 758 1860 magia
780 1793 924 1858 unquam-
937 1772 1062 1839 abiuit?
1103 1789 1156 1840 aut
1177 1775 1205 1840 si
1227 1774 1352 1862 ingenii
1373 1776 1440 1840 vim

23 1943 27 1964 ἱ
163 1872 383 1960 reputaveris,
418 1871 473 1938 vix
494 1892 555 1961 pro
579 1869 711 1933 homine
732 1869 906 1958 Spinozam
926 1869 1061 1954 babeas,
1094 1871 1153 1938 sed
1175 1893 1235 1956 pro
1256 1893 1339 1936 nova
1361 1891 1441 1952 qne·

163 1967 236 2036 darn
262 1984 396 2040 umora,
427 1986 510 2054 qnae
537 1965 625 2053 quod
653 1988 675 2030 e
696 1963 783 2032 mille
815 1966 1002 2034 mortalibus
1032 1971 1194 2034 communi
1220 1969 1338 2034 virium
1359 1989 1439 2034 eeu·

165 2067 310 2132 tentione
339 2061 412 2126 heri
439 2077 556 2148 potest,
588 2061 623 2125 ial
643 2067 748 2128 ,omne
778 2084 839 2146 pro
866 2085 903 2130 se
926 2065 998 2128 sola
1018 2065 1114 2132 facit:
1152 2066 1262 2128 seculo
1284 2065 1437 2152 aequipa-

164 2162 309 2240 raveris,
337 2181 412 2222 uam
441 2161 519 2246 quid
544 2159 615 2224 fere
647 2159 794 2226 ducentis
819 2160 937 2226 abhinc
963 2163 1055 2224 annia
1076 2161 1110 2222 in
1132 2159 1340 2244 philosophia
1361 2180 1439 2245 pro·

164 2259 284 2325 fectum
306 2271 365 2332 est,
388 2256 465 2342 quin
484 2255 558 2342 ipse
577 2258 765 2344 praeiverit,
788 2259 936 2346 viamque
956 2257 1138 2333 muniveris
1159 2255 1305 2344 autqaitl
1321 2256 1356 2318 in
1372 2271 1439 2320 stu·

166 2358 229 2422 diis
260 2354 453 2440 theologicis
484 2353 705 2434 emendatum,
737 2355 814 2444 guin
841 2355 974 2421 meliora
1005 2353 1063 2418 ista
1093 2377 1133 2419 ex
1154 2353 1258 2418 nostri
1278 2352 1440 2420 thesauris

166 2455 231 2520 sint
250 2449 376 2537 petita?
398 2448 464 2517 sert
485 2451 672 2537 singillatim
694 2472 831 2540 agamus.
861 2452 936 2516 'Pria
957 2450 1094 2526 maxime
1114 2452 1149 2516 iu
1167 2465 1282 2522 noema
1303 2451 1440 2517 admira·

166 2551 244 2616 hilia
266 2549 408 2636 invenie.
456 2549 599 2614 Primam
619 2549 733 2614 miram
753 2573 877 2618 morum
898 2571 934 2616 ac
955 2549 1039 2616 vitae
1060 2569 1132 2613 cum
1153 2545 1318 2626 dontius,
1347 2567 1440 2632 quum

165 2649 335 2736 professus
358 2660 417 2725 est,
434 2648 696 2730 consonantiam,
725 2643 823 2737 idque
844 2647 995 2732 inprimis
1015 2646 1055 2722 ,in
1082 2667 1176 2710 causa
1197 2667 1270 2714 esse
1291 2641 1440 2712 eredide-

167 2748 240 2822 rim,
262 2767 323 2812 cun
343 2757 512 2827 tantopere
526 2746 664 2810 caeteris
682 2744 921 2830 praecelluerit,
941 2742 1051 2808 Probe
1065 2742 1196 2830 quidem
1213 2743 1294 2817 scio,
1316 2742 1351 2804 in
1366 2759 1441 2826 pra·

168 2845 218 2912 vis
240 2843 353 2918 etism,¹
381 2837 500 2913 nedum
529 2840 670 2928 perditis
702 2839 887 2905 homiuibus
912 2860 1056 2925 magnam
1082 2835 1246 2904 interdum
1269 2835 1442 2914 emicuisse

167 2939 293 3040 ingenii
314 2939 398 3017 vim3
423 2937 483 3002 sesi
503 2957 712 3026 neqpaquam.
725 2953 831 3005 tamen
852 2935 926 3004 {ieri
945 2952 1072 3023 potent,
1102 2951 1138 3000 ut
1158 2957 1297 3006 summes
1318 2931 1441 3014 &slipit-

89 3071 99 3090 ι
169 3037 253 3102 caris
275 3035 413 3122 padus,
442 3033 507 3096 nisi
537 3033 660 3114 alienes
692 3056 710 3098 a
738 3033 985 3121 quibuscunque
1005 3035 1079 3100 aliis
1099 3032 1215 3100 studiis
1236 3033 1366 3114 integer
1383 3023 1442 3092 ssa·

208 3155 243 3196 es
265 3129 463 3216 indagandae
484 3131 637 3208 veritatis.
653 3129 780 3195 ardore.
811 3134 892 3201 Nam
912 3132 956 3196 ita
977 3130 1109 3196 aralunae
1131 3145 1191 3205 est,
1214 3127 1254 3192 erl
1270 3125 1357 3214 quod
1371 3139 1441 3189 tem·

127 3257 134 3273 ¹
167 3155 216 3295 gt
235 3227 451 3320 philosophia,
474 3227 650 3316 fastigium,
671 3242 840 3316 mnusque
863 3227 990 3293 obstant
1010 3226 1216 3301 difficultates
1233 3221 1442 3308 superandae,

167 3341 203 3394 ut
223 3325 355 3414 nonnisi
377 3341 517 3393 extrema
538 3325 656 3392 virium
687 3325 896 3393 contentione
917 3323 957 3389 sd
979 3325 1013 3390 itl
1033 3323 1200 3409 perveniri
1220 3321 1333 3406 possit.
1373 3319 1445 3380 iarn
1469 3337 1483 3350 ,

166 3447 245 3492 vero
262 3427 292 3512 si
308 3423 457 3514 appishac
469 3425 542 3510 ipsa
563 3437 613 3487 est
631 3421 756 3496 indolis,
778 3443 870 3510 vam
886 3422 1013 3508 requiri
1030 3421 1180 3497 diximus,
1202 3415 1356 3497 turn‘ejus
1367 3414 1444 3490 vita,
1477 3445 1479 3448 ·

168 3523 318 3611 vitaeque
350 3524 457 3600 ratic,
489 3536 523 3588 aa
543 3519 708 3608 quicquic
724 3535 778 3585 aaa
798 3520 944 3598 manibus
966 3517 1022 3596 fit,
1055 3532 1110 3582 aaa
1129 3517 1239 3601 lingua
1260 3517 1294 3578 in
1315 3525 1446 3600 prorata

168 3621 316 3691 habetur,
338 3619 430 3686 ilium
450 3619 548 3684 animi
569 3618 728 3696 habitum,
761 3619 816 3706 qni
837 3617 926 3682 intus
943 3617 1043 3704 viget,
1063 3637 1144 3704 prae
1163 3637 1200 3688 se
1220 3615 1339 3690 ferent,
1367 3631 1445 3680 usn·

169 3737 232 3806 que
255 3713 386 3786 eveniet
407 3715 447 3779 it·
462 3717 577 3801 ipsum,
639 3716 698 3800 ¹osi
719 3717 753 3780 iu
773 3731 887 3780 nostro
910 3714 1059 3782 admirati
1080 3733 1210 3784 umus,
1237 3711 1366 3778 scilieet
1385 3705 1446 3771 mi·

168 3838 224 3879 rus
255 3816 340 3882 vitae
371 3835 446 3878 curu
469 3814 619 3900 philosop
644 3815 675 3878 ia
702 3828 889 3880 concentus.
933 3811 1032 3974 {und
1056 3819 1208 3899 q'tauutum
1237 3810 1298 3885 sit,
1326 3819 1369 3870 ut=
1382 3804 1447 3873 ola·

167 3913 238 3999 rius¹
270 3911 451 3996 intelligas,
478 3911 566 3990 ¹alios
602 3931 722 4000 quaeso
757 3909 887 3995 respice
924 3931 946 3996 p
973 3909 1151 3994 iloaoghos.
1193 3909 1298 4000 Quam
1329 3902 1447 3968 multos

172 4012 258 4096 enim
299 4011 391 4076 inter?
421 4009 481 4078 hos
511 4009 676 4094 iuvenies,
715 4007 770 4094 qui
808 4008 949 4092 piurima
970 4022 1022 4079 ¹ut
1053 4023 1247 4077 coaevorum
1279 3998 1447 4067 erroribus

168 4123 358 4195 parcerent,
394 4131 432 4176 sc
458 4131 501 4176 ne
528 4107 659 4177 molesti
686 4105 772 4182 sint,
805 4107 975 4192 negando,
1001 4121 1087 4188 'qnae
1106 4102 1255 4168 soeculo
1276 4097 1449 4185 proretis

143 4243 146 4264 ι
171 4203 552 4287 habentur„ballucittsti
574 4205 651 4284 sint,
673 4201 848 4292 plumalis
868 4204 1009 4270 aratura
1030 4201 1129 4277 duni,
1152 4197 1288 4271 anicet,
1310 4210 1448 4278 ¹1&qu

168 4325 242 4381 cum
268 4306 415 4390 caeteris,
439 4303 645 4394 igporabaut,
681 4301 767 4396 scire
793 4301 1012 4376 viderentur,
1037 4315 1214 4384 meamque
1241 4294 1449 4382 acquirerent
1496 4301 1497 4388 t
